%YAML 1.1
%TAG !u! tag:unity3d.com,2011:
--- !u!29 &1
OcclusionCullingSettings:
  m_ObjectHideFlags: 0
  serializedVersion: 2
  m_OcclusionBakeSettings:
    smallestOccluder: 5
    smallestHole: 0.25
    backfaceThreshold: 100
  m_SceneGUID: 00000000000000000000000000000000
  m_OcclusionCullingData: {fileID: 0}
--- !u!104 &2
RenderSettings:
  m_ObjectHideFlags: 0
  serializedVersion: 9
  m_Fog: 0
  m_FogColor: {r: 0.5, g: 0.5, b: 0.5, a: 1}
  m_FogMode: 3
  m_FogDensity: 0.01
  m_LinearFogStart: 0
  m_LinearFogEnd: 300
  m_AmbientSkyColor: {r: 0.212, g: 0.227, b: 0.259, a: 1}
  m_AmbientEquatorColor: {r: 0.114, g: 0.125, b: 0.133, a: 1}
  m_AmbientGroundColor: {r: 0.047, g: 0.043, b: 0.035, a: 1}
  m_AmbientIntensity: 1
  m_AmbientMode: 0
  m_SubtractiveShadowColor: {r: 0.42, g: 0.478, b: 0.627, a: 1}
  m_SkyboxMaterial: {fileID: 10304, guid: 0000000000000000f000000000000000, type: 0}
  m_HaloStrength: 0.5
  m_FlareStrength: 1
  m_FlareFadeSpeed: 3
  m_HaloTexture: {fileID: 0}
  m_SpotCookie: {fileID: 10001, guid: 0000000000000000e000000000000000, type: 0}
  m_DefaultReflectionMode: 0
  m_DefaultReflectionResolution: 128
  m_ReflectionBounces: 1
  m_ReflectionIntensity: 1
  m_CustomReflection: {fileID: 0}
  m_Sun: {fileID: 170076734}
  m_IndirectSpecularColor: {r: 0.44657898, g: 0.4964133, b: 0.5748178, a: 1}
  m_UseRadianceAmbientProbe: 0
--- !u!157 &3
LightmapSettings:
  m_ObjectHideFlags: 0
  serializedVersion: 11
  m_GIWorkflowMode: 0
  m_GISettings:
    serializedVersion: 2
    m_BounceScale: 1
    m_IndirectOutputScale: 1
    m_AlbedoBoost: 1
    m_EnvironmentLightingMode: 0
    m_EnableBakedLightmaps: 1
    m_EnableRealtimeLightmaps: 0
  m_LightmapEditorSettings:
    serializedVersion: 10
    m_Resolution: 2
    m_BakeResolution: 10
    m_AtlasSize: 512
    m_AO: 0
    m_AOMaxDistance: 1
    m_CompAOExponent: 1
    m_CompAOExponentDirect: 0
    m_Padding: 2
    m_LightmapParameters: {fileID: 0}
    m_LightmapsBakeMode: 1
    m_TextureCompression: 1
    m_FinalGather: 0
    m_FinalGatherFiltering: 1
    m_FinalGatherRayCount: 256
    m_ReflectionCompression: 2
    m_MixedBakeMode: 2
    m_BakeBackend: 1
    m_PVRSampling: 1
    m_PVRDirectSampleCount: 32
    m_PVRSampleCount: 256
    m_PVRBounces: 2
    m_PVRFilterTypeDirect: 0
    m_PVRFilterTypeIndirect: 0
    m_PVRFilterTypeAO: 0
    m_PVRFilteringMode: 1
    m_PVRCulling: 1
    m_PVRFilteringGaussRadiusDirect: 1
    m_PVRFilteringGaussRadiusIndirect: 5
    m_PVRFilteringGaussRadiusAO: 2
    m_PVRFilteringAtrousPositionSigmaDirect: 0.5
    m_PVRFilteringAtrousPositionSigmaIndirect: 2
    m_PVRFilteringAtrousPositionSigmaAO: 1
    m_ShowResolutionOverlay: 1
  m_LightingDataAsset: {fileID: 0}
  m_UseShadowmask: 1
--- !u!196 &4
NavMeshSettings:
  serializedVersion: 2
  m_ObjectHideFlags: 0
  m_BuildSettings:
    serializedVersion: 2
    agentTypeID: 0
    agentRadius: 0.5
    agentHeight: 2
    agentSlope: 45
    agentClimb: 0.4
    ledgeDropHeight: 0
    maxJumpAcrossDistance: 0
    minRegionArea: 2
    manualCellSize: 0
    cellSize: 0.16666667
    manualTileSize: 0
    tileSize: 256
    accuratePlacement: 0
    debug:
      m_Flags: 0
  m_NavMeshData: {fileID: 0}
--- !u!1001 &14743802
PrefabInstance:
  m_ObjectHideFlags: 0
  serializedVersion: 2
  m_Modification:
    m_TransformParent: {fileID: 0}
    m_Modifications:
    - target: {fileID: 5160494699849848627, guid: 108b35964fdc7eb449e16a90c163be43,
        type: 3}
      propertyPath: m_Name
      value: EnemyConRagDoll
      objectReference: {fileID: 0}
    - target: {fileID: 3828200558086473544, guid: 108b35964fdc7eb449e16a90c163be43,
        type: 3}
      propertyPath: m_LocalPosition.x
      value: 4.62
      objectReference: {fileID: 0}
    - target: {fileID: 3828200558086473544, guid: 108b35964fdc7eb449e16a90c163be43,
        type: 3}
      propertyPath: m_LocalPosition.y
      value: 2.7549415
      objectReference: {fileID: 0}
    - target: {fileID: 3828200558086473544, guid: 108b35964fdc7eb449e16a90c163be43,
        type: 3}
      propertyPath: m_LocalPosition.z
      value: -2.12
      objectReference: {fileID: 0}
    - target: {fileID: 3828200558086473544, guid: 108b35964fdc7eb449e16a90c163be43,
        type: 3}
      propertyPath: m_LocalRotation.x
      value: 0
      objectReference: {fileID: 0}
    - target: {fileID: 3828200558086473544, guid: 108b35964fdc7eb449e16a90c163be43,
        type: 3}
      propertyPath: m_LocalRotation.y
      value: 0
      objectReference: {fileID: 0}
    - target: {fileID: 3828200558086473544, guid: 108b35964fdc7eb449e16a90c163be43,
        type: 3}
      propertyPath: m_LocalRotation.z
      value: 0
      objectReference: {fileID: 0}
    - target: {fileID: 3828200558086473544, guid: 108b35964fdc7eb449e16a90c163be43,
        type: 3}
      propertyPath: m_LocalRotation.w
      value: 1
      objectReference: {fileID: 0}
    - target: {fileID: 3828200558086473544, guid: 108b35964fdc7eb449e16a90c163be43,
        type: 3}
      propertyPath: m_RootOrder
      value: 5
      objectReference: {fileID: 0}
    - target: {fileID: 3828200558086473544, guid: 108b35964fdc7eb449e16a90c163be43,
        type: 3}
      propertyPath: m_LocalEulerAnglesHint.x
      value: 0
      objectReference: {fileID: 0}
    - target: {fileID: 3828200558086473544, guid: 108b35964fdc7eb449e16a90c163be43,
        type: 3}
      propertyPath: m_LocalEulerAnglesHint.y
      value: 0
      objectReference: {fileID: 0}
    - target: {fileID: 3828200558086473544, guid: 108b35964fdc7eb449e16a90c163be43,
        type: 3}
      propertyPath: m_LocalEulerAnglesHint.z
      value: 0
      objectReference: {fileID: 0}
    - target: {fileID: 3828200558086473544, guid: 108b35964fdc7eb449e16a90c163be43,
        type: 3}
      propertyPath: m_LocalScale.x
      value: 0.35
      objectReference: {fileID: 0}
    - target: {fileID: 3828200558086473544, guid: 108b35964fdc7eb449e16a90c163be43,
        type: 3}
      propertyPath: m_LocalScale.y
      value: 0.35
      objectReference: {fileID: 0}
    - target: {fileID: 3828200558086473544, guid: 108b35964fdc7eb449e16a90c163be43,
        type: 3}
      propertyPath: m_LocalScale.z
      value: 0.35
      objectReference: {fileID: 0}
    - target: {fileID: 2129955422297900784, guid: 108b35964fdc7eb449e16a90c163be43,
        type: 3}
      propertyPath: m_ConnectedAnchor.x
      value: -0.24000053
      objectReference: {fileID: 0}
    - target: {fileID: 2129955422297900784, guid: 108b35964fdc7eb449e16a90c163be43,
        type: 3}
      propertyPath: m_ConnectedAnchor.y
      value: -0.8319997
      objectReference: {fileID: 0}
    - target: {fileID: 7268701025809603718, guid: 108b35964fdc7eb449e16a90c163be43,
        type: 3}
      propertyPath: m_ConnectedAnchor.x
      value: 0.24000053
      objectReference: {fileID: 0}
    - target: {fileID: 7268701025809603718, guid: 108b35964fdc7eb449e16a90c163be43,
        type: 3}
      propertyPath: m_ConnectedAnchor.y
      value: -0.8319997
      objectReference: {fileID: 0}
    - target: {fileID: 7268701025809603718, guid: 108b35964fdc7eb449e16a90c163be43,
        type: 3}
      propertyPath: m_ConnectedAnchor.z
      value: 0.011999996
      objectReference: {fileID: 0}
    - target: {fileID: 6408617293076346609, guid: 108b35964fdc7eb449e16a90c163be43,
        type: 3}
      propertyPath: m_ConnectedAnchor.y
      value: 1.246
      objectReference: {fileID: 0}
    - target: {fileID: 6408617293076346609, guid: 108b35964fdc7eb449e16a90c163be43,
        type: 3}
      propertyPath: m_ConnectedAnchor.z
      value: 0.21999973
      objectReference: {fileID: 0}
    - target: {fileID: 2135121948778966201, guid: 108b35964fdc7eb449e16a90c163be43,
        type: 3}
      propertyPath: m_ConnectedAnchor.x
      value: -0.74399936
      objectReference: {fileID: 0}
    - target: {fileID: 2135121948778966201, guid: 108b35964fdc7eb449e16a90c163be43,
        type: 3}
      propertyPath: m_ConnectedAnchor.y
      value: 0.6030002
      objectReference: {fileID: 0}
    - target: {fileID: 368878612633348905, guid: 108b35964fdc7eb449e16a90c163be43,
        type: 3}
      propertyPath: m_ConnectedAnchor.x
      value: 0.0000010728836
      objectReference: {fileID: 0}
    - target: {fileID: 368878612633348905, guid: 108b35964fdc7eb449e16a90c163be43,
        type: 3}
      propertyPath: m_ConnectedAnchor.z
      value: -0.049999986
      objectReference: {fileID: 0}
    - target: {fileID: 368878612633348905, guid: 108b35964fdc7eb449e16a90c163be43,
        type: 3}
      propertyPath: m_ConnectedAnchor.y
      value: -1.2599994
      objectReference: {fileID: 0}
    - target: {fileID: 8915241931979128075, guid: 108b35964fdc7eb449e16a90c163be43,
        type: 3}
      propertyPath: m_ConnectedAnchor.y
      value: 0.6030002
      objectReference: {fileID: 0}
    - target: {fileID: 8915241931979128075, guid: 108b35964fdc7eb449e16a90c163be43,
        type: 3}
      propertyPath: m_ConnectedAnchor.x
      value: 0.74399936
      objectReference: {fileID: 0}
    - target: {fileID: 8829499904769811555, guid: 108b35964fdc7eb449e16a90c163be43,
        type: 3}
      propertyPath: m_ConnectedAnchor.x
      value: -0.0000010728837
      objectReference: {fileID: 0}
    - target: {fileID: 8829499904769811555, guid: 108b35964fdc7eb449e16a90c163be43,
        type: 3}
      propertyPath: m_ConnectedAnchor.z
      value: -0.039999627
      objectReference: {fileID: 0}
    - target: {fileID: 8829499904769811555, guid: 108b35964fdc7eb449e16a90c163be43,
        type: 3}
      propertyPath: m_ConnectedAnchor.y
      value: -1.2599995
      objectReference: {fileID: 0}
    - target: {fileID: 450854861846321818, guid: 108b35964fdc7eb449e16a90c163be43,
        type: 3}
      propertyPath: m_ConnectedAnchor.x
      value: 0.00000074505823
      objectReference: {fileID: 0}
    - target: {fileID: 450854861846321818, guid: 108b35964fdc7eb449e16a90c163be43,
        type: 3}
      propertyPath: m_ConnectedAnchor.y
      value: -1.3000008
      objectReference: {fileID: 0}
    - target: {fileID: 7676099269345930314, guid: 108b35964fdc7eb449e16a90c163be43,
        type: 3}
      propertyPath: m_ConnectedAnchor.x
      value: 0.00000044703495
      objectReference: {fileID: 0}
    - target: {fileID: 7676099269345930314, guid: 108b35964fdc7eb449e16a90c163be43,
        type: 3}
      propertyPath: m_ConnectedAnchor.y
      value: -1.3000008
      objectReference: {fileID: 0}
    - target: {fileID: 1554631861922397267, guid: 108b35964fdc7eb449e16a90c163be43,
        type: 3}
      propertyPath: m_ConnectedAnchor.y
      value: 0.58000016
      objectReference: {fileID: 0}
    m_RemovedComponents: []
  m_SourcePrefab: {fileID: 100100000, guid: 108b35964fdc7eb449e16a90c163be43, type: 3}
--- !u!1 &54590839 stripped
GameObject:
  m_CorrespondingSourceObject: {fileID: 1236257789494122, guid: 8b0b86b42def11849a8eba21f4a6a684,
    type: 3}
  m_PrefabInstance: {fileID: 1697374332}
  m_PrefabAsset: {fileID: 0}
--- !u!114 &54590843
MonoBehaviour:
  m_ObjectHideFlags: 0
  m_CorrespondingSourceObject: {fileID: 0}
  m_PrefabInstance: {fileID: 0}
  m_PrefabAsset: {fileID: 0}
  m_GameObject: {fileID: 54590839}
  m_Enabled: 1
  m_EditorHideFlags: 0
  m_Script: {fileID: 11500000, guid: d3057ab962a17fe4381e2ca02aaf6b5b, type: 3}
  m_Name: 
  m_EditorClassIdentifier: 
  camara: {fileID: 490472595}
  bengala: {fileID: 100006, guid: ccbcfc705a39717429590a9f247ec30a, type: 3}
  balasCinto: 4
  cargador: 8
  balas: 0
  textobalsa: {fileID: 1808608866}
--- !u!95 &54590844
Animator:
  serializedVersion: 3
  m_ObjectHideFlags: 0
  m_CorrespondingSourceObject: {fileID: 0}
  m_PrefabInstance: {fileID: 0}
  m_PrefabAsset: {fileID: 0}
  m_GameObject: {fileID: 54590839}
  m_Enabled: 1
  m_Avatar: {fileID: 0}
  m_Controller: {fileID: 9100000, guid: 10abd1caea3ac2543afbed397e8c6ad7, type: 2}
  m_CullingMode: 0
  m_UpdateMode: 0
  m_ApplyRootMotion: 0
  m_LinearVelocityBlending: 0
  m_WarningMessage: 
  m_HasTransformHierarchy: 1
  m_AllowConstantClipSamplingOptimization: 1
  m_KeepAnimatorControllerStateOnDisable: 0
--- !u!1001 &111318934
PrefabInstance:
  m_ObjectHideFlags: 0
  serializedVersion: 2
  m_Modification:
    m_TransformParent: {fileID: 0}
    m_Modifications:
    - target: {fileID: 1644476406946372, guid: 20ffe5c18928a4c4594e9261db2333af, type: 3}
      propertyPath: m_Name
      value: Old_USSR_Lamp_01
      objectReference: {fileID: 0}
    - target: {fileID: 4848899773351372, guid: 20ffe5c18928a4c4594e9261db2333af, type: 3}
      propertyPath: m_LocalPosition.x
      value: 2.297464
      objectReference: {fileID: 0}
    - target: {fileID: 4848899773351372, guid: 20ffe5c18928a4c4594e9261db2333af, type: 3}
      propertyPath: m_LocalPosition.y
      value: 0.51315016
      objectReference: {fileID: 0}
    - target: {fileID: 4848899773351372, guid: 20ffe5c18928a4c4594e9261db2333af, type: 3}
      propertyPath: m_LocalPosition.z
      value: -0.7498352
      objectReference: {fileID: 0}
    - target: {fileID: 4848899773351372, guid: 20ffe5c18928a4c4594e9261db2333af, type: 3}
      propertyPath: m_LocalRotation.x
      value: -0.034211226
      objectReference: {fileID: 0}
    - target: {fileID: 4848899773351372, guid: 20ffe5c18928a4c4594e9261db2333af, type: 3}
      propertyPath: m_LocalRotation.y
      value: -0.65281934
      objectReference: {fileID: 0}
    - target: {fileID: 4848899773351372, guid: 20ffe5c18928a4c4594e9261db2333af, type: 3}
      propertyPath: m_LocalRotation.z
      value: -0.06087115
      objectReference: {fileID: 0}
    - target: {fileID: 4848899773351372, guid: 20ffe5c18928a4c4594e9261db2333af, type: 3}
      propertyPath: m_LocalRotation.w
      value: 0.7542886
      objectReference: {fileID: 0}
    - target: {fileID: 4848899773351372, guid: 20ffe5c18928a4c4594e9261db2333af, type: 3}
      propertyPath: m_RootOrder
      value: 6
      objectReference: {fileID: 0}
    - target: {fileID: 4848899773351372, guid: 20ffe5c18928a4c4594e9261db2333af, type: 3}
      propertyPath: m_LocalEulerAnglesHint.x
      value: -7.5320005
      objectReference: {fileID: 0}
    - target: {fileID: 4848899773351372, guid: 20ffe5c18928a4c4594e9261db2333af, type: 3}
      propertyPath: m_LocalEulerAnglesHint.y
      value: -1521.571
      objectReference: {fileID: 0}
    - target: {fileID: 4848899773351372, guid: 20ffe5c18928a4c4594e9261db2333af, type: 3}
      propertyPath: m_LocalEulerAnglesHint.z
      value: -2.7270002
      objectReference: {fileID: 0}
    m_RemovedComponents: []
  m_SourcePrefab: {fileID: 100100000, guid: 20ffe5c18928a4c4594e9261db2333af, type: 3}
--- !u!1 &170076733
GameObject:
  m_ObjectHideFlags: 0
  m_CorrespondingSourceObject: {fileID: 0}
  m_PrefabInstance: {fileID: 0}
  m_PrefabAsset: {fileID: 0}
  serializedVersion: 6
  m_Component:
  - component: {fileID: 170076735}
  - component: {fileID: 170076734}
  m_Layer: 0
  m_Name: Directional Light
  m_TagString: Untagged
  m_Icon: {fileID: 0}
  m_NavMeshLayer: 0
  m_StaticEditorFlags: 0
  m_IsActive: 1
--- !u!108 &170076734
Light:
  m_ObjectHideFlags: 0
  m_CorrespondingSourceObject: {fileID: 0}
  m_PrefabInstance: {fileID: 0}
  m_PrefabAsset: {fileID: 0}
  m_GameObject: {fileID: 170076733}
  m_Enabled: 1
  serializedVersion: 8
  m_Type: 1
  m_Color: {r: 1, g: 0.95686275, b: 0.8392157, a: 1}
  m_Intensity: 1
  m_Range: 10
  m_SpotAngle: 30
  m_CookieSize: 10
  m_Shadows:
    m_Type: 2
    m_Resolution: -1
    m_CustomResolution: -1
    m_Strength: 1
    m_Bias: 0.05
    m_NormalBias: 0.4
    m_NearPlane: 0.2
  m_Cookie: {fileID: 0}
  m_DrawHalo: 0
  m_Flare: {fileID: 0}
  m_RenderMode: 0
  m_CullingMask:
    serializedVersion: 2
    m_Bits: 4294967295
  m_Lightmapping: 1
  m_LightShadowCasterMode: 0
  m_AreaSize: {x: 1, y: 1}
  m_BounceIntensity: 1
  m_ColorTemperature: 6570
  m_UseColorTemperature: 0
  m_ShadowRadius: 0
  m_ShadowAngle: 0
--- !u!4 &170076735
Transform:
  m_ObjectHideFlags: 0
  m_CorrespondingSourceObject: {fileID: 0}
  m_PrefabInstance: {fileID: 0}
  m_PrefabAsset: {fileID: 0}
  m_GameObject: {fileID: 170076733}
  m_LocalRotation: {x: 0.40821788, y: -0.23456968, z: 0.10938163, w: 0.8754261}
  m_LocalPosition: {x: 0, y: 3, z: 0}
  m_LocalScale: {x: 1, y: 1, z: 1}
  m_Children: []
  m_Father: {fileID: 0}
  m_RootOrder: 9
  m_LocalEulerAnglesHint: {x: 50, y: -30, z: 0}
--- !u!1 &171730175 stripped
GameObject:
  m_CorrespondingSourceObject: {fileID: 1533244445735912, guid: 8e0f285c21cdcf14e8d5c06c57ba936b,
    type: 3}
  m_PrefabInstance: {fileID: 539153859}
  m_PrefabAsset: {fileID: 0}
--- !u!64 &171730177
MeshCollider:
  m_ObjectHideFlags: 0
  m_CorrespondingSourceObject: {fileID: 0}
  m_PrefabInstance: {fileID: 0}
  m_PrefabAsset: {fileID: 0}
  m_GameObject: {fileID: 171730175}
  m_Material: {fileID: 0}
  m_IsTrigger: 0
  m_Enabled: 1
  serializedVersion: 3
  m_Convex: 1
  m_CookingOptions: 14
  m_Mesh: {fileID: 0}
--- !u!1 &266859356
GameObject:
  m_ObjectHideFlags: 0
  m_CorrespondingSourceObject: {fileID: 0}
  m_PrefabInstance: {fileID: 0}
  m_PrefabAsset: {fileID: 0}
  serializedVersion: 6
  m_Component:
  - component: {fileID: 266859361}
  - component: {fileID: 266859360}
  - component: {fileID: 266859359}
  - component: {fileID: 266859358}
  - component: {fileID: 266859357}
  m_Layer: 0
  m_Name: cuboconfisicas1 (7)
  m_TagString: Untagged
  m_Icon: {fileID: 0}
  m_NavMeshLayer: 0
  m_StaticEditorFlags: 0
  m_IsActive: 1
--- !u!54 &266859357
Rigidbody:
  m_ObjectHideFlags: 0
  m_CorrespondingSourceObject: {fileID: 0}
  m_PrefabInstance: {fileID: 0}
  m_PrefabAsset: {fileID: 0}
  m_GameObject: {fileID: 266859356}
  serializedVersion: 2
  m_Mass: 1
  m_Drag: 0
  m_AngularDrag: 0.05
  m_UseGravity: 1
  m_IsKinematic: 0
  m_Interpolate: 0
  m_Constraints: 0
  m_CollisionDetection: 0
--- !u!65 &266859358
BoxCollider:
  m_ObjectHideFlags: 0
  m_CorrespondingSourceObject: {fileID: 0}
  m_PrefabInstance: {fileID: 0}
  m_PrefabAsset: {fileID: 0}
  m_GameObject: {fileID: 266859356}
  m_Material: {fileID: 0}
  m_IsTrigger: 0
  m_Enabled: 1
  serializedVersion: 2
  m_Size: {x: 1, y: 1, z: 1}
  m_Center: {x: 0, y: 0, z: 0}
--- !u!23 &266859359
MeshRenderer:
  m_ObjectHideFlags: 0
  m_CorrespondingSourceObject: {fileID: 0}
  m_PrefabInstance: {fileID: 0}
  m_PrefabAsset: {fileID: 0}
  m_GameObject: {fileID: 266859356}
  m_Enabled: 1
  m_CastShadows: 1
  m_ReceiveShadows: 1
  m_DynamicOccludee: 1
  m_MotionVectors: 1
  m_LightProbeUsage: 1
  m_ReflectionProbeUsage: 1
  m_RenderingLayerMask: 1
  m_RendererPriority: 0
  m_Materials:
  - {fileID: 10303, guid: 0000000000000000f000000000000000, type: 0}
  m_StaticBatchInfo:
    firstSubMesh: 0
    subMeshCount: 0
  m_StaticBatchRoot: {fileID: 0}
  m_ProbeAnchor: {fileID: 0}
  m_LightProbeVolumeOverride: {fileID: 0}
  m_ScaleInLightmap: 1
  m_PreserveUVs: 0
  m_IgnoreNormalsForChartDetection: 0
  m_ImportantGI: 0
  m_StitchLightmapSeams: 0
  m_SelectedEditorRenderState: 3
  m_MinimumChartSize: 4
  m_AutoUVMaxDistance: 0.5
  m_AutoUVMaxAngle: 89
  m_LightmapParameters: {fileID: 0}
  m_SortingLayerID: 0
  m_SortingLayer: 0
  m_SortingOrder: 0
--- !u!33 &266859360
MeshFilter:
  m_ObjectHideFlags: 0
  m_CorrespondingSourceObject: {fileID: 0}
  m_PrefabInstance: {fileID: 0}
  m_PrefabAsset: {fileID: 0}
  m_GameObject: {fileID: 266859356}
  m_Mesh: {fileID: 10202, guid: 0000000000000000e000000000000000, type: 0}
--- !u!4 &266859361
Transform:
  m_ObjectHideFlags: 0
  m_CorrespondingSourceObject: {fileID: 0}
  m_PrefabInstance: {fileID: 0}
  m_PrefabAsset: {fileID: 0}
  m_GameObject: {fileID: 266859356}
  m_LocalRotation: {x: 0, y: 0, z: 0, w: 1}
  m_LocalPosition: {x: 11.39, y: 3.9659767, z: 4.95}
  m_LocalScale: {x: 1, y: 1, z: 1}
  m_Children: []
  m_Father: {fileID: 0}
  m_RootOrder: 18
  m_LocalEulerAnglesHint: {x: 0, y: 0, z: 0}
--- !u!1 &349431743
GameObject:
  m_ObjectHideFlags: 0
  m_CorrespondingSourceObject: {fileID: 0}
  m_PrefabInstance: {fileID: 0}
  m_PrefabAsset: {fileID: 0}
  serializedVersion: 6
  m_Component:
  - component: {fileID: 349431748}
  - component: {fileID: 349431747}
  - component: {fileID: 349431746}
  - component: {fileID: 349431745}
  - component: {fileID: 349431744}
  m_Layer: 0
  m_Name: cuboconfisicas1 (8)
  m_TagString: Untagged
  m_Icon: {fileID: 0}
  m_NavMeshLayer: 0
  m_StaticEditorFlags: 0
  m_IsActive: 1
--- !u!54 &349431744
Rigidbody:
  m_ObjectHideFlags: 0
  m_CorrespondingSourceObject: {fileID: 0}
  m_PrefabInstance: {fileID: 0}
  m_PrefabAsset: {fileID: 0}
  m_GameObject: {fileID: 349431743}
  serializedVersion: 2
  m_Mass: 1
  m_Drag: 0
  m_AngularDrag: 0.05
  m_UseGravity: 1
  m_IsKinematic: 0
  m_Interpolate: 0
  m_Constraints: 0
  m_CollisionDetection: 0
--- !u!65 &349431745
BoxCollider:
  m_ObjectHideFlags: 0
  m_CorrespondingSourceObject: {fileID: 0}
  m_PrefabInstance: {fileID: 0}
  m_PrefabAsset: {fileID: 0}
  m_GameObject: {fileID: 349431743}
  m_Material: {fileID: 0}
  m_IsTrigger: 0
  m_Enabled: 1
  serializedVersion: 2
  m_Size: {x: 1, y: 1, z: 1}
  m_Center: {x: 0, y: 0, z: 0}
--- !u!23 &349431746
MeshRenderer:
  m_ObjectHideFlags: 0
  m_CorrespondingSourceObject: {fileID: 0}
  m_PrefabInstance: {fileID: 0}
  m_PrefabAsset: {fileID: 0}
  m_GameObject: {fileID: 349431743}
  m_Enabled: 1
  m_CastShadows: 1
  m_ReceiveShadows: 1
  m_DynamicOccludee: 1
  m_MotionVectors: 1
  m_LightProbeUsage: 1
  m_ReflectionProbeUsage: 1
  m_RenderingLayerMask: 1
  m_RendererPriority: 0
  m_Materials:
  - {fileID: 10303, guid: 0000000000000000f000000000000000, type: 0}
  m_StaticBatchInfo:
    firstSubMesh: 0
    subMeshCount: 0
  m_StaticBatchRoot: {fileID: 0}
  m_ProbeAnchor: {fileID: 0}
  m_LightProbeVolumeOverride: {fileID: 0}
  m_ScaleInLightmap: 1
  m_PreserveUVs: 0
  m_IgnoreNormalsForChartDetection: 0
  m_ImportantGI: 0
  m_StitchLightmapSeams: 0
  m_SelectedEditorRenderState: 3
  m_MinimumChartSize: 4
  m_AutoUVMaxDistance: 0.5
  m_AutoUVMaxAngle: 89
  m_LightmapParameters: {fileID: 0}
  m_SortingLayerID: 0
  m_SortingLayer: 0
  m_SortingOrder: 0
--- !u!33 &349431747
MeshFilter:
  m_ObjectHideFlags: 0
  m_CorrespondingSourceObject: {fileID: 0}
  m_PrefabInstance: {fileID: 0}
  m_PrefabAsset: {fileID: 0}
  m_GameObject: {fileID: 349431743}
  m_Mesh: {fileID: 10202, guid: 0000000000000000e000000000000000, type: 0}
--- !u!4 &349431748
Transform:
  m_ObjectHideFlags: 0
  m_CorrespondingSourceObject: {fileID: 0}
  m_PrefabInstance: {fileID: 0}
  m_PrefabAsset: {fileID: 0}
  m_GameObject: {fileID: 349431743}
  m_LocalRotation: {x: 0, y: 0, z: 0, w: 1}
  m_LocalPosition: {x: 11.39, y: 3.9659767, z: 0.909}
  m_LocalScale: {x: 1, y: 1, z: 1}
  m_Children: []
  m_Father: {fileID: 0}
  m_RootOrder: 19
  m_LocalEulerAnglesHint: {x: 0, y: 0, z: 0}
--- !u!1 &434895588
GameObject:
  m_ObjectHideFlags: 0
  m_CorrespondingSourceObject: {fileID: 0}
  m_PrefabInstance: {fileID: 0}
  m_PrefabAsset: {fileID: 0}
  serializedVersion: 6
  m_Component:
  - component: {fileID: 434895593}
  - component: {fileID: 434895592}
  - component: {fileID: 434895591}
  - component: {fileID: 434895590}
  - component: {fileID: 434895589}
  m_Layer: 0
  m_Name: cuboconfisicas1 (5)
  m_TagString: Untagged
  m_Icon: {fileID: 0}
  m_NavMeshLayer: 0
  m_StaticEditorFlags: 0
  m_IsActive: 1
--- !u!54 &434895589
Rigidbody:
  m_ObjectHideFlags: 0
  m_CorrespondingSourceObject: {fileID: 0}
  m_PrefabInstance: {fileID: 0}
  m_PrefabAsset: {fileID: 0}
  m_GameObject: {fileID: 434895588}
  serializedVersion: 2
  m_Mass: 1
  m_Drag: 0
  m_AngularDrag: 0.05
  m_UseGravity: 1
  m_IsKinematic: 0
  m_Interpolate: 0
  m_Constraints: 0
  m_CollisionDetection: 0
--- !u!65 &434895590
BoxCollider:
  m_ObjectHideFlags: 0
  m_CorrespondingSourceObject: {fileID: 0}
  m_PrefabInstance: {fileID: 0}
  m_PrefabAsset: {fileID: 0}
  m_GameObject: {fileID: 434895588}
  m_Material: {fileID: 0}
  m_IsTrigger: 0
  m_Enabled: 1
  serializedVersion: 2
  m_Size: {x: 1, y: 1, z: 1}
  m_Center: {x: 0, y: 0, z: 0}
--- !u!23 &434895591
MeshRenderer:
  m_ObjectHideFlags: 0
  m_CorrespondingSourceObject: {fileID: 0}
  m_PrefabInstance: {fileID: 0}
  m_PrefabAsset: {fileID: 0}
  m_GameObject: {fileID: 434895588}
  m_Enabled: 1
  m_CastShadows: 1
  m_ReceiveShadows: 1
  m_DynamicOccludee: 1
  m_MotionVectors: 1
  m_LightProbeUsage: 1
  m_ReflectionProbeUsage: 1
  m_RenderingLayerMask: 1
  m_RendererPriority: 0
  m_Materials:
  - {fileID: 10303, guid: 0000000000000000f000000000000000, type: 0}
  m_StaticBatchInfo:
    firstSubMesh: 0
    subMeshCount: 0
  m_StaticBatchRoot: {fileID: 0}
  m_ProbeAnchor: {fileID: 0}
  m_LightProbeVolumeOverride: {fileID: 0}
  m_ScaleInLightmap: 1
  m_PreserveUVs: 0
  m_IgnoreNormalsForChartDetection: 0
  m_ImportantGI: 0
  m_StitchLightmapSeams: 0
  m_SelectedEditorRenderState: 3
  m_MinimumChartSize: 4
  m_AutoUVMaxDistance: 0.5
  m_AutoUVMaxAngle: 89
  m_LightmapParameters: {fileID: 0}
  m_SortingLayerID: 0
  m_SortingLayer: 0
  m_SortingOrder: 0
--- !u!33 &434895592
MeshFilter:
  m_ObjectHideFlags: 0
  m_CorrespondingSourceObject: {fileID: 0}
  m_PrefabInstance: {fileID: 0}
  m_PrefabAsset: {fileID: 0}
  m_GameObject: {fileID: 434895588}
  m_Mesh: {fileID: 10202, guid: 0000000000000000e000000000000000, type: 0}
--- !u!4 &434895593
Transform:
  m_ObjectHideFlags: 0
  m_CorrespondingSourceObject: {fileID: 0}
  m_PrefabInstance: {fileID: 0}
  m_PrefabAsset: {fileID: 0}
  m_GameObject: {fileID: 434895588}
  m_LocalRotation: {x: 0, y: 0, z: 0, w: 1}
  m_LocalPosition: {x: 9.56, y: 3.9659767, z: 0.909}
  m_LocalScale: {x: 1, y: 1, z: 1}
  m_Children: []
  m_Father: {fileID: 0}
  m_RootOrder: 16
  m_LocalEulerAnglesHint: {x: 0, y: 0, z: 0}
--- !u!20 &490472595 stripped
Camera:
  m_CorrespondingSourceObject: {fileID: 2000000, guid: c6453f8e1f814744d8b94e5a6d1f9942,
    type: 3}
  m_PrefabInstance: {fileID: 739098062}
  m_PrefabAsset: {fileID: 0}
--- !u!1001 &539153859
PrefabInstance:
  m_ObjectHideFlags: 0
  serializedVersion: 2
  m_Modification:
    m_TransformParent: {fileID: 0}
    m_Modifications:
    - target: {fileID: 1528915638184230, guid: 8e0f285c21cdcf14e8d5c06c57ba936b, type: 3}
      propertyPath: m_Name
      value: robotSphere
      objectReference: {fileID: 0}
    - target: {fileID: 4431084402279646, guid: 8e0f285c21cdcf14e8d5c06c57ba936b, type: 3}
      propertyPath: m_LocalPosition.x
      value: 1.98
      objectReference: {fileID: 0}
    - target: {fileID: 4431084402279646, guid: 8e0f285c21cdcf14e8d5c06c57ba936b, type: 3}
      propertyPath: m_LocalPosition.y
      value: 0.22
      objectReference: {fileID: 0}
    - target: {fileID: 4431084402279646, guid: 8e0f285c21cdcf14e8d5c06c57ba936b, type: 3}
      propertyPath: m_LocalPosition.z
      value: -10.627
      objectReference: {fileID: 0}
    - target: {fileID: 4431084402279646, guid: 8e0f285c21cdcf14e8d5c06c57ba936b, type: 3}
      propertyPath: m_LocalRotation.x
      value: 0
      objectReference: {fileID: 0}
    - target: {fileID: 4431084402279646, guid: 8e0f285c21cdcf14e8d5c06c57ba936b, type: 3}
      propertyPath: m_LocalRotation.y
      value: -0
      objectReference: {fileID: 0}
    - target: {fileID: 4431084402279646, guid: 8e0f285c21cdcf14e8d5c06c57ba936b, type: 3}
      propertyPath: m_LocalRotation.z
      value: -0
      objectReference: {fileID: 0}
    - target: {fileID: 4431084402279646, guid: 8e0f285c21cdcf14e8d5c06c57ba936b, type: 3}
      propertyPath: m_LocalRotation.w
      value: 1
      objectReference: {fileID: 0}
    - target: {fileID: 4431084402279646, guid: 8e0f285c21cdcf14e8d5c06c57ba936b, type: 3}
      propertyPath: m_RootOrder
      value: 4
      objectReference: {fileID: 0}
    - target: {fileID: 4431084402279646, guid: 8e0f285c21cdcf14e8d5c06c57ba936b, type: 3}
      propertyPath: m_LocalEulerAnglesHint.x
      value: 0
      objectReference: {fileID: 0}
    - target: {fileID: 4431084402279646, guid: 8e0f285c21cdcf14e8d5c06c57ba936b, type: 3}
      propertyPath: m_LocalEulerAnglesHint.y
      value: 0
      objectReference: {fileID: 0}
    - target: {fileID: 4431084402279646, guid: 8e0f285c21cdcf14e8d5c06c57ba936b, type: 3}
      propertyPath: m_LocalEulerAnglesHint.z
      value: 0
      objectReference: {fileID: 0}
    - target: {fileID: 4431084402279646, guid: 8e0f285c21cdcf14e8d5c06c57ba936b, type: 3}
      propertyPath: m_LocalScale.x
      value: 14
      objectReference: {fileID: 0}
    - target: {fileID: 4431084402279646, guid: 8e0f285c21cdcf14e8d5c06c57ba936b, type: 3}
      propertyPath: m_LocalScale.y
      value: 14
      objectReference: {fileID: 0}
    - target: {fileID: 4431084402279646, guid: 8e0f285c21cdcf14e8d5c06c57ba936b, type: 3}
      propertyPath: m_LocalScale.z
      value: 14
      objectReference: {fileID: 0}
    m_RemovedComponents: []
  m_SourcePrefab: {fileID: 100100000, guid: 8e0f285c21cdcf14e8d5c06c57ba936b, type: 3}
--- !u!1 &544717104 stripped
GameObject:
  m_CorrespondingSourceObject: {fileID: 1688514203954746, guid: 8e0f285c21cdcf14e8d5c06c57ba936b,
    type: 3}
  m_PrefabInstance: {fileID: 539153859}
  m_PrefabAsset: {fileID: 0}
--- !u!64 &544717108
MeshCollider:
  m_ObjectHideFlags: 0
  m_CorrespondingSourceObject: {fileID: 0}
  m_PrefabInstance: {fileID: 0}
  m_PrefabAsset: {fileID: 0}
  m_GameObject: {fileID: 544717104}
  m_Material: {fileID: 0}
  m_IsTrigger: 0
  m_Enabled: 1
  serializedVersion: 3
  m_Convex: 1
  m_CookingOptions: 14
  m_Mesh: {fileID: 4300078, guid: bff429107601444d59c67940e6ad78c4, type: 3}
--- !u!1 &548789883
GameObject:
  m_ObjectHideFlags: 0
  m_CorrespondingSourceObject: {fileID: 0}
  m_PrefabInstance: {fileID: 0}
  m_PrefabAsset: {fileID: 0}
  serializedVersion: 6
  m_Component:
  - component: {fileID: 548789884}
  - component: {fileID: 548789886}
  - component: {fileID: 548789885}
  m_Layer: 5
  m_Name: ImagenEscopeta
  m_TagString: Untagged
  m_Icon: {fileID: 0}
  m_NavMeshLayer: 0
  m_StaticEditorFlags: 0
  m_IsActive: 1
--- !u!224 &548789884
RectTransform:
  m_ObjectHideFlags: 0
  m_CorrespondingSourceObject: {fileID: 0}
  m_PrefabInstance: {fileID: 0}
  m_PrefabAsset: {fileID: 0}
  m_GameObject: {fileID: 548789883}
  m_LocalRotation: {x: 0, y: 0, z: 0, w: 1}
  m_LocalPosition: {x: 0, y: 0, z: 0}
  m_LocalScale: {x: 1, y: 1, z: 1}
  m_Children: []
  m_Father: {fileID: 1562445118}
  m_RootOrder: 2
  m_LocalEulerAnglesHint: {x: 0, y: 0, z: 0}
  m_AnchorMin: {x: 0.5, y: 0.5}
  m_AnchorMax: {x: 0.5, y: 0.5}
  m_AnchoredPosition: {x: 356, y: -199}
  m_SizeDelta: {x: 70.56, y: 70.3}
  m_Pivot: {x: 0.5, y: 0.5}
--- !u!114 &548789885
MonoBehaviour:
  m_ObjectHideFlags: 0
  m_CorrespondingSourceObject: {fileID: 0}
  m_PrefabInstance: {fileID: 0}
  m_PrefabAsset: {fileID: 0}
  m_GameObject: {fileID: 548789883}
  m_Enabled: 1
  m_EditorHideFlags: 0
  m_Script: {fileID: -765806418, guid: f70555f144d8491a825f0804e09c671c, type: 3}
  m_Name: 
  m_EditorClassIdentifier: 
  m_Material: {fileID: 0}
  m_Color: {r: 1, g: 1, b: 1, a: 1}
  m_RaycastTarget: 1
  m_OnCullStateChanged:
    m_PersistentCalls:
      m_Calls: []
    m_TypeName: UnityEngine.UI.MaskableGraphic+CullStateChangedEvent, UnityEngine.UI,
      Version=1.0.0.0, Culture=neutral, PublicKeyToken=null
  m_Sprite: {fileID: 21300000, guid: 306132163d77d024b82c9e5fbcb88bdc, type: 3}
  m_Type: 0
  m_PreserveAspect: 1
  m_FillCenter: 1
  m_FillMethod: 4
  m_FillAmount: 1
  m_FillClockwise: 1
  m_FillOrigin: 0
  m_UseSpriteMesh: 0
--- !u!222 &548789886
CanvasRenderer:
  m_ObjectHideFlags: 0
  m_CorrespondingSourceObject: {fileID: 0}
  m_PrefabInstance: {fileID: 0}
  m_PrefabAsset: {fileID: 0}
  m_GameObject: {fileID: 548789883}
  m_CullTransparentMesh: 0
--- !u!1 &554542613
GameObject:
  m_ObjectHideFlags: 0
  m_CorrespondingSourceObject: {fileID: 0}
  m_PrefabInstance: {fileID: 0}
  m_PrefabAsset: {fileID: 0}
  serializedVersion: 6
  m_Component:
  - component: {fileID: 554542614}
  - component: {fileID: 554542616}
  - component: {fileID: 554542615}
  m_Layer: 5
  m_Name: PuntodeMira
  m_TagString: Untagged
  m_Icon: {fileID: 0}
  m_NavMeshLayer: 0
  m_StaticEditorFlags: 0
  m_IsActive: 1
--- !u!224 &554542614
RectTransform:
  m_ObjectHideFlags: 0
  m_CorrespondingSourceObject: {fileID: 0}
  m_PrefabInstance: {fileID: 0}
  m_PrefabAsset: {fileID: 0}
  m_GameObject: {fileID: 554542613}
  m_LocalRotation: {x: 0, y: 0, z: 0, w: 1}
  m_LocalPosition: {x: 0, y: 0, z: 0}
  m_LocalScale: {x: 1, y: 1, z: 1}
  m_Children: []
  m_Father: {fileID: 1562445118}
  m_RootOrder: 1
  m_LocalEulerAnglesHint: {x: 0, y: 0, z: 0}
  m_AnchorMin: {x: 0.5, y: 0.5}
  m_AnchorMax: {x: 0.5, y: 0.5}
  m_AnchoredPosition: {x: 0, y: 0}
  m_SizeDelta: {x: 5, y: 5}
  m_Pivot: {x: 0.5, y: 0.5}
--- !u!114 &554542615
MonoBehaviour:
  m_ObjectHideFlags: 0
  m_CorrespondingSourceObject: {fileID: 0}
  m_PrefabInstance: {fileID: 0}
  m_PrefabAsset: {fileID: 0}
  m_GameObject: {fileID: 554542613}
  m_Enabled: 1
  m_EditorHideFlags: 0
  m_Script: {fileID: -765806418, guid: f70555f144d8491a825f0804e09c671c, type: 3}
  m_Name: 
  m_EditorClassIdentifier: 
  m_Material: {fileID: 0}
  m_Color: {r: 0, g: 1, b: 0.10499692, a: 1}
  m_RaycastTarget: 1
  m_OnCullStateChanged:
    m_PersistentCalls:
      m_Calls: []
    m_TypeName: UnityEngine.UI.MaskableGraphic+CullStateChangedEvent, UnityEngine.UI,
      Version=1.0.0.0, Culture=neutral, PublicKeyToken=null
  m_Sprite: {fileID: 0}
  m_Type: 0
  m_PreserveAspect: 0
  m_FillCenter: 1
  m_FillMethod: 4
  m_FillAmount: 1
  m_FillClockwise: 1
  m_FillOrigin: 0
  m_UseSpriteMesh: 0
--- !u!222 &554542616
CanvasRenderer:
  m_ObjectHideFlags: 0
  m_CorrespondingSourceObject: {fileID: 0}
  m_PrefabInstance: {fileID: 0}
  m_PrefabAsset: {fileID: 0}
  m_GameObject: {fileID: 554542613}
  m_CullTransparentMesh: 0
--- !u!1 &592414231
GameObject:
  m_ObjectHideFlags: 0
  m_CorrespondingSourceObject: {fileID: 0}
  m_PrefabInstance: {fileID: 0}
  m_PrefabAsset: {fileID: 0}
  serializedVersion: 6
  m_Component:
  - component: {fileID: 592414236}
  - component: {fileID: 592414235}
  - component: {fileID: 592414234}
  - component: {fileID: 592414233}
  - component: {fileID: 592414232}
  m_Layer: 0
  m_Name: cuboconfisicas1
  m_TagString: Untagged
  m_Icon: {fileID: 0}
  m_NavMeshLayer: 0
  m_StaticEditorFlags: 0
  m_IsActive: 1
--- !u!54 &592414232
Rigidbody:
  m_ObjectHideFlags: 0
  m_CorrespondingSourceObject: {fileID: 0}
  m_PrefabInstance: {fileID: 0}
  m_PrefabAsset: {fileID: 0}
  m_GameObject: {fileID: 592414231}
  serializedVersion: 2
  m_Mass: 1
  m_Drag: 0
  m_AngularDrag: 0.05
  m_UseGravity: 1
  m_IsKinematic: 0
  m_Interpolate: 0
  m_Constraints: 0
  m_CollisionDetection: 0
--- !u!65 &592414233
BoxCollider:
  m_ObjectHideFlags: 0
  m_CorrespondingSourceObject: {fileID: 0}
  m_PrefabInstance: {fileID: 0}
  m_PrefabAsset: {fileID: 0}
  m_GameObject: {fileID: 592414231}
  m_Material: {fileID: 0}
  m_IsTrigger: 0
  m_Enabled: 1
  serializedVersion: 2
  m_Size: {x: 1, y: 1, z: 1}
  m_Center: {x: 0, y: 0, z: 0}
--- !u!23 &592414234
MeshRenderer:
  m_ObjectHideFlags: 0
  m_CorrespondingSourceObject: {fileID: 0}
  m_PrefabInstance: {fileID: 0}
  m_PrefabAsset: {fileID: 0}
  m_GameObject: {fileID: 592414231}
  m_Enabled: 1
  m_CastShadows: 1
  m_ReceiveShadows: 1
  m_DynamicOccludee: 1
  m_MotionVectors: 1
  m_LightProbeUsage: 1
  m_ReflectionProbeUsage: 1
  m_RenderingLayerMask: 1
  m_RendererPriority: 0
  m_Materials:
  - {fileID: 10303, guid: 0000000000000000f000000000000000, type: 0}
  m_StaticBatchInfo:
    firstSubMesh: 0
    subMeshCount: 0
  m_StaticBatchRoot: {fileID: 0}
  m_ProbeAnchor: {fileID: 0}
  m_LightProbeVolumeOverride: {fileID: 0}
  m_ScaleInLightmap: 1
  m_PreserveUVs: 0
  m_IgnoreNormalsForChartDetection: 0
  m_ImportantGI: 0
  m_StitchLightmapSeams: 0
  m_SelectedEditorRenderState: 3
  m_MinimumChartSize: 4
  m_AutoUVMaxDistance: 0.5
  m_AutoUVMaxAngle: 89
  m_LightmapParameters: {fileID: 0}
  m_SortingLayerID: 0
  m_SortingLayer: 0
  m_SortingOrder: 0
--- !u!33 &592414235
MeshFilter:
  m_ObjectHideFlags: 0
  m_CorrespondingSourceObject: {fileID: 0}
  m_PrefabInstance: {fileID: 0}
  m_PrefabAsset: {fileID: 0}
  m_GameObject: {fileID: 592414231}
  m_Mesh: {fileID: 10202, guid: 0000000000000000e000000000000000, type: 0}
--- !u!4 &592414236
Transform:
  m_ObjectHideFlags: 0
  m_CorrespondingSourceObject: {fileID: 0}
  m_PrefabInstance: {fileID: 0}
  m_PrefabAsset: {fileID: 0}
  m_GameObject: {fileID: 592414231}
  m_LocalRotation: {x: 0, y: 0, z: 0, w: 1}
  m_LocalPosition: {x: 7.984, y: 3.9659767, z: 2.691}
  m_LocalScale: {x: 1, y: 1, z: 1}
  m_Children: []
  m_Father: {fileID: 0}
  m_RootOrder: 11
  m_LocalEulerAnglesHint: {x: 0, y: 0, z: 0}
--- !u!1 &699481495
GameObject:
  m_ObjectHideFlags: 0
  m_CorrespondingSourceObject: {fileID: 0}
  m_PrefabInstance: {fileID: 0}
  m_PrefabAsset: {fileID: 0}
  serializedVersion: 6
  m_Component:
  - component: {fileID: 699481496}
  - component: {fileID: 699481498}
  - component: {fileID: 699481497}
  m_Layer: 5
  m_Name: ImagenAK
  m_TagString: Untagged
  m_Icon: {fileID: 0}
  m_NavMeshLayer: 0
  m_StaticEditorFlags: 0
  m_IsActive: 1
--- !u!224 &699481496
RectTransform:
  m_ObjectHideFlags: 0
  m_CorrespondingSourceObject: {fileID: 0}
  m_PrefabInstance: {fileID: 0}
  m_PrefabAsset: {fileID: 0}
  m_GameObject: {fileID: 699481495}
  m_LocalRotation: {x: -0, y: -0, z: -0, w: 1}
  m_LocalPosition: {x: 0, y: 0, z: 0}
  m_LocalScale: {x: 1, y: 1, z: 1}
  m_Children: []
  m_Father: {fileID: 1562445118}
  m_RootOrder: 3
  m_LocalEulerAnglesHint: {x: 0, y: 0, z: 0}
  m_AnchorMin: {x: 0.5, y: 0.5}
  m_AnchorMax: {x: 0.5, y: 0.5}
  m_AnchoredPosition: {x: 358.0002, y: -167.99992}
  m_SizeDelta: {x: 61.63, y: 22.59}
  m_Pivot: {x: 0.5, y: 0.5}
--- !u!114 &699481497
MonoBehaviour:
  m_ObjectHideFlags: 0
  m_CorrespondingSourceObject: {fileID: 0}
  m_PrefabInstance: {fileID: 0}
  m_PrefabAsset: {fileID: 0}
  m_GameObject: {fileID: 699481495}
  m_Enabled: 1
  m_EditorHideFlags: 0
  m_Script: {fileID: -765806418, guid: f70555f144d8491a825f0804e09c671c, type: 3}
  m_Name: 
  m_EditorClassIdentifier: 
  m_Material: {fileID: 0}
  m_Color: {r: 1, g: 1, b: 1, a: 0.27450982}
  m_RaycastTarget: 1
  m_OnCullStateChanged:
    m_PersistentCalls:
      m_Calls: []
    m_TypeName: UnityEngine.UI.MaskableGraphic+CullStateChangedEvent, UnityEngine.UI,
      Version=1.0.0.0, Culture=neutral, PublicKeyToken=null
  m_Sprite: {fileID: 21300000, guid: 2529dd94029082f49809c28a5a0539cd, type: 3}
  m_Type: 0
  m_PreserveAspect: 1
  m_FillCenter: 1
  m_FillMethod: 4
  m_FillAmount: 1
  m_FillClockwise: 1
  m_FillOrigin: 0
  m_UseSpriteMesh: 0
--- !u!222 &699481498
CanvasRenderer:
  m_ObjectHideFlags: 0
  m_CorrespondingSourceObject: {fileID: 0}
  m_PrefabInstance: {fileID: 0}
  m_PrefabAsset: {fileID: 0}
  m_GameObject: {fileID: 699481495}
  m_CullTransparentMesh: 0
--- !u!1001 &739098062
PrefabInstance:
  m_ObjectHideFlags: 0
  serializedVersion: 2
  m_Modification:
    m_TransformParent: {fileID: 0}
    m_Modifications:
    - target: {fileID: 100006, guid: c6453f8e1f814744d8b94e5a6d1f9942, type: 3}
      propertyPath: m_Name
      value: RigidBodyFPSController
      objectReference: {fileID: 0}
    - target: {fileID: 2000000, guid: c6453f8e1f814744d8b94e5a6d1f9942, type: 3}
      propertyPath: far clip plane
      value: 2000
      objectReference: {fileID: 0}
    - target: {fileID: 2000000, guid: c6453f8e1f814744d8b94e5a6d1f9942, type: 3}
      propertyPath: field of view
      value: 60
      objectReference: {fileID: 0}
    - target: {fileID: 2000000, guid: c6453f8e1f814744d8b94e5a6d1f9942, type: 3}
      propertyPath: m_Depth
      value: 0
      objectReference: {fileID: 0}
    - target: {fileID: 2000000, guid: c6453f8e1f814744d8b94e5a6d1f9942, type: 3}
      propertyPath: orthographic
      value: 0
      objectReference: {fileID: 0}
    - target: {fileID: 2000000, guid: c6453f8e1f814744d8b94e5a6d1f9942, type: 3}
      propertyPath: near clip plane
      value: 0.25
      objectReference: {fileID: 0}
    - target: {fileID: 400002, guid: c6453f8e1f814744d8b94e5a6d1f9942, type: 3}
      propertyPath: m_LocalPosition.x
      value: 4.3575745
      objectReference: {fileID: 0}
    - target: {fileID: 400002, guid: c6453f8e1f814744d8b94e5a6d1f9942, type: 3}
      propertyPath: m_LocalPosition.y
      value: 3
      objectReference: {fileID: 0}
    - target: {fileID: 400002, guid: c6453f8e1f814744d8b94e5a6d1f9942, type: 3}
      propertyPath: m_LocalPosition.z
      value: 3.4543095
      objectReference: {fileID: 0}
    - target: {fileID: 400002, guid: c6453f8e1f814744d8b94e5a6d1f9942, type: 3}
      propertyPath: m_LocalRotation.x
      value: 0
      objectReference: {fileID: 0}
    - target: {fileID: 400002, guid: c6453f8e1f814744d8b94e5a6d1f9942, type: 3}
      propertyPath: m_LocalRotation.y
      value: 1
      objectReference: {fileID: 0}
    - target: {fileID: 400002, guid: c6453f8e1f814744d8b94e5a6d1f9942, type: 3}
      propertyPath: m_LocalRotation.z
      value: 0
      objectReference: {fileID: 0}
    - target: {fileID: 400002, guid: c6453f8e1f814744d8b94e5a6d1f9942, type: 3}
      propertyPath: m_LocalRotation.w
      value: -0.00000016292068
      objectReference: {fileID: 0}
    - target: {fileID: 400002, guid: c6453f8e1f814744d8b94e5a6d1f9942, type: 3}
      propertyPath: m_RootOrder
      value: 0
      objectReference: {fileID: 0}
    - target: {fileID: 400002, guid: c6453f8e1f814744d8b94e5a6d1f9942, type: 3}
      propertyPath: m_LocalEulerAnglesHint.x
      value: 0
      objectReference: {fileID: 0}
    - target: {fileID: 400002, guid: c6453f8e1f814744d8b94e5a6d1f9942, type: 3}
      propertyPath: m_LocalEulerAnglesHint.y
      value: 0
      objectReference: {fileID: 0}
    - target: {fileID: 400002, guid: c6453f8e1f814744d8b94e5a6d1f9942, type: 3}
      propertyPath: m_LocalEulerAnglesHint.z
      value: 0
      objectReference: {fileID: 0}
    - target: {fileID: 11400004, guid: c6453f8e1f814744d8b94e5a6d1f9942, type: 3}
      propertyPath: advancedSettings.shellOffset
      value: 0.1
      objectReference: {fileID: 0}
    - target: {fileID: 11400004, guid: c6453f8e1f814744d8b94e5a6d1f9942, type: 3}
      propertyPath: advancedSettings.airControl
      value: 0
      objectReference: {fileID: 0}
    - target: {fileID: 13600000, guid: c6453f8e1f814744d8b94e5a6d1f9942, type: 3}
      propertyPath: m_Radius
      value: 0.3
      objectReference: {fileID: 0}
    - target: {fileID: 13600000, guid: c6453f8e1f814744d8b94e5a6d1f9942, type: 3}
      propertyPath: m_Center.y
      value: 0.1
      objectReference: {fileID: 0}
    - target: {fileID: 400000, guid: c6453f8e1f814744d8b94e5a6d1f9942, type: 3}
      propertyPath: m_LocalPosition.z
      value: 0.05
      objectReference: {fileID: 0}
    - target: {fileID: 400000, guid: c6453f8e1f814744d8b94e5a6d1f9942, type: 3}
      propertyPath: m_LocalPosition.y
      value: 0.69
      objectReference: {fileID: 0}
    m_RemovedComponents: []
  m_SourcePrefab: {fileID: 100100000, guid: c6453f8e1f814744d8b94e5a6d1f9942, type: 3}
--- !u!1 &894111845
GameObject:
  m_ObjectHideFlags: 0
  m_CorrespondingSourceObject: {fileID: 0}
  m_PrefabInstance: {fileID: 0}
  m_PrefabAsset: {fileID: 0}
  serializedVersion: 6
  m_Component:
  - component: {fileID: 894111849}
  - component: {fileID: 894111848}
  - component: {fileID: 894111847}
  - component: {fileID: 894111846}
  m_Layer: 0
  m_Name: Suelo
  m_TagString: Untagged
  m_Icon: {fileID: 0}
  m_NavMeshLayer: 0
  m_StaticEditorFlags: 0
  m_IsActive: 1
--- !u!65 &894111846
BoxCollider:
  m_ObjectHideFlags: 0
  m_CorrespondingSourceObject: {fileID: 0}
  m_PrefabInstance: {fileID: 0}
  m_PrefabAsset: {fileID: 0}
  m_GameObject: {fileID: 894111845}
  m_Material: {fileID: 13400000, guid: 3aeb7dadc0c69d54d9e5777e9d5631f1, type: 2}
  m_IsTrigger: 0
  m_Enabled: 1
  serializedVersion: 2
  m_Size: {x: 1, y: 1, z: 1}
  m_Center: {x: 0, y: 0, z: 0}
--- !u!23 &894111847
MeshRenderer:
  m_ObjectHideFlags: 0
  m_CorrespondingSourceObject: {fileID: 0}
  m_PrefabInstance: {fileID: 0}
  m_PrefabAsset: {fileID: 0}
  m_GameObject: {fileID: 894111845}
  m_Enabled: 1
  m_CastShadows: 1
  m_ReceiveShadows: 1
  m_DynamicOccludee: 1
  m_MotionVectors: 1
  m_LightProbeUsage: 1
  m_ReflectionProbeUsage: 1
  m_RenderingLayerMask: 1
  m_RendererPriority: 0
  m_Materials:
  - {fileID: 2100000, guid: e3afd3f13bed53c448eaa979f23dbcb7, type: 2}
  m_StaticBatchInfo:
    firstSubMesh: 0
    subMeshCount: 0
  m_StaticBatchRoot: {fileID: 0}
  m_ProbeAnchor: {fileID: 0}
  m_LightProbeVolumeOverride: {fileID: 0}
  m_ScaleInLightmap: 1
  m_PreserveUVs: 0
  m_IgnoreNormalsForChartDetection: 0
  m_ImportantGI: 0
  m_StitchLightmapSeams: 0
  m_SelectedEditorRenderState: 3
  m_MinimumChartSize: 4
  m_AutoUVMaxDistance: 0.5
  m_AutoUVMaxAngle: 89
  m_LightmapParameters: {fileID: 0}
  m_SortingLayerID: 0
  m_SortingLayer: 0
  m_SortingOrder: 0
--- !u!33 &894111848
MeshFilter:
  m_ObjectHideFlags: 0
  m_CorrespondingSourceObject: {fileID: 0}
  m_PrefabInstance: {fileID: 0}
  m_PrefabAsset: {fileID: 0}
  m_GameObject: {fileID: 894111845}
  m_Mesh: {fileID: 10202, guid: 0000000000000000e000000000000000, type: 0}
--- !u!4 &894111849
Transform:
  m_ObjectHideFlags: 0
  m_CorrespondingSourceObject: {fileID: 0}
  m_PrefabInstance: {fileID: 0}
  m_PrefabAsset: {fileID: 0}
  m_GameObject: {fileID: 894111845}
  m_LocalRotation: {x: 0, y: 0, z: 0, w: 1}
  m_LocalPosition: {x: 0, y: 0, z: 0}
  m_LocalScale: {x: 246.245, y: 0.98498005, z: 246.245}
  m_Children: []
  m_Father: {fileID: 0}
  m_RootOrder: 10
  m_LocalEulerAnglesHint: {x: 0, y: 0, z: 0}
--- !u!4 &898706217 stripped
Transform:
  m_CorrespondingSourceObject: {fileID: 400002, guid: c6453f8e1f814744d8b94e5a6d1f9942,
    type: 3}
  m_PrefabInstance: {fileID: 739098062}
  m_PrefabAsset: {fileID: 0}
--- !u!1 &988770297 stripped
GameObject:
  m_CorrespondingSourceObject: {fileID: 1728619453497436, guid: e7152d23c09aee845a9594ff1308f6a8,
    type: 3}
  m_PrefabInstance: {fileID: 1317668503}
  m_PrefabAsset: {fileID: 0}
--- !u!64 &988770298
MeshCollider:
  m_ObjectHideFlags: 0
  m_CorrespondingSourceObject: {fileID: 0}
  m_PrefabInstance: {fileID: 0}
  m_PrefabAsset: {fileID: 0}
  m_GameObject: {fileID: 988770297}
  m_Material: {fileID: 0}
  m_IsTrigger: 0
  m_Enabled: 1
  serializedVersion: 3
  m_Convex: 0
  m_CookingOptions: 14
  m_Mesh: {fileID: 4300000, guid: 88aa462b1e93f2947bec032e953ba29a, type: 3}
--- !u!114 &988770299
MonoBehaviour:
  m_ObjectHideFlags: 0
  m_CorrespondingSourceObject: {fileID: 0}
  m_PrefabInstance: {fileID: 0}
  m_PrefabAsset: {fileID: 0}
  m_GameObject: {fileID: 988770297}
  m_Enabled: 1
  m_EditorHideFlags: 0
  m_Script: {fileID: 11500000, guid: 4ffaaec3a8348cf44a12b06e8b7c04fd, type: 3}
  m_Name: 
  m_EditorClassIdentifier: 
--- !u!1 &997919940 stripped
GameObject:
  m_CorrespondingSourceObject: {fileID: 100006, guid: c6453f8e1f814744d8b94e5a6d1f9942,
    type: 3}
  m_PrefabInstance: {fileID: 739098062}
  m_PrefabAsset: {fileID: 0}
--- !u!114 &997919944
MonoBehaviour:
  m_ObjectHideFlags: 0
  m_CorrespondingSourceObject: {fileID: 0}
  m_PrefabInstance: {fileID: 0}
  m_PrefabAsset: {fileID: 0}
  m_GameObject: {fileID: 997919940}
  m_Enabled: 1
  m_EditorHideFlags: 0
  m_Script: {fileID: 11500000, guid: ec955b8804828fb4b92778cb6213957e, type: 3}
  m_Name: 
  m_EditorClassIdentifier: 
  Armas:
  - {fileID: 54590839}
  - {fileID: 1321664462}
  - {fileID: 1321664462}
  camara: {fileID: 490472595}
  Granada: {fileID: 2757461039368565244, guid: ca67f13bc7748004e873d26f91c09f44, type: 3}
  fuerzaLanzamiento: 8e+23
--- !u!1 &1037973663
GameObject:
  m_ObjectHideFlags: 0
  m_CorrespondingSourceObject: {fileID: 0}
  m_PrefabInstance: {fileID: 0}
  m_PrefabAsset: {fileID: 0}
  serializedVersion: 6
  m_Component:
  - component: {fileID: 1037973668}
  - component: {fileID: 1037973667}
  - component: {fileID: 1037973666}
  - component: {fileID: 1037973665}
  - component: {fileID: 1037973664}
  m_Layer: 0
  m_Name: cuboconfisicas1 (4)
  m_TagString: Untagged
  m_Icon: {fileID: 0}
  m_NavMeshLayer: 0
  m_StaticEditorFlags: 0
  m_IsActive: 1
--- !u!54 &1037973664
Rigidbody:
  m_ObjectHideFlags: 0
  m_CorrespondingSourceObject: {fileID: 0}
  m_PrefabInstance: {fileID: 0}
  m_PrefabAsset: {fileID: 0}
  m_GameObject: {fileID: 1037973663}
  serializedVersion: 2
  m_Mass: 1
  m_Drag: 0
  m_AngularDrag: 0.05
  m_UseGravity: 1
  m_IsKinematic: 0
  m_Interpolate: 0
  m_Constraints: 0
  m_CollisionDetection: 0
--- !u!65 &1037973665
BoxCollider:
  m_ObjectHideFlags: 0
  m_CorrespondingSourceObject: {fileID: 0}
  m_PrefabInstance: {fileID: 0}
  m_PrefabAsset: {fileID: 0}
  m_GameObject: {fileID: 1037973663}
  m_Material: {fileID: 0}
  m_IsTrigger: 0
  m_Enabled: 1
  serializedVersion: 2
  m_Size: {x: 1, y: 1, z: 1}
  m_Center: {x: 0, y: 0, z: 0}
--- !u!23 &1037973666
MeshRenderer:
  m_ObjectHideFlags: 0
  m_CorrespondingSourceObject: {fileID: 0}
  m_PrefabInstance: {fileID: 0}
  m_PrefabAsset: {fileID: 0}
  m_GameObject: {fileID: 1037973663}
  m_Enabled: 1
  m_CastShadows: 1
  m_ReceiveShadows: 1
  m_DynamicOccludee: 1
  m_MotionVectors: 1
  m_LightProbeUsage: 1
  m_ReflectionProbeUsage: 1
  m_RenderingLayerMask: 1
  m_RendererPriority: 0
  m_Materials:
  - {fileID: 10303, guid: 0000000000000000f000000000000000, type: 0}
  m_StaticBatchInfo:
    firstSubMesh: 0
    subMeshCount: 0
  m_StaticBatchRoot: {fileID: 0}
  m_ProbeAnchor: {fileID: 0}
  m_LightProbeVolumeOverride: {fileID: 0}
  m_ScaleInLightmap: 1
  m_PreserveUVs: 0
  m_IgnoreNormalsForChartDetection: 0
  m_ImportantGI: 0
  m_StitchLightmapSeams: 0
  m_SelectedEditorRenderState: 3
  m_MinimumChartSize: 4
  m_AutoUVMaxDistance: 0.5
  m_AutoUVMaxAngle: 89
  m_LightmapParameters: {fileID: 0}
  m_SortingLayerID: 0
  m_SortingLayer: 0
  m_SortingOrder: 0
--- !u!33 &1037973667
MeshFilter:
  m_ObjectHideFlags: 0
  m_CorrespondingSourceObject: {fileID: 0}
  m_PrefabInstance: {fileID: 0}
  m_PrefabAsset: {fileID: 0}
  m_GameObject: {fileID: 1037973663}
  m_Mesh: {fileID: 10202, guid: 0000000000000000e000000000000000, type: 0}
--- !u!4 &1037973668
Transform:
  m_ObjectHideFlags: 0
  m_CorrespondingSourceObject: {fileID: 0}
  m_PrefabInstance: {fileID: 0}
  m_PrefabAsset: {fileID: 0}
  m_GameObject: {fileID: 1037973663}
  m_LocalRotation: {x: 0, y: 0, z: 0, w: 1}
  m_LocalPosition: {x: 9.56, y: 3.9659767, z: 4.95}
  m_LocalScale: {x: 1, y: 1, z: 1}
  m_Children: []
  m_Father: {fileID: 0}
  m_RootOrder: 15
  m_LocalEulerAnglesHint: {x: 0, y: 0, z: 0}
--- !u!1001 &1206311937
PrefabInstance:
  m_ObjectHideFlags: 0
  serializedVersion: 2
  m_Modification:
    m_TransformParent: {fileID: 1612152145}
    m_Modifications:
    - target: {fileID: 1487774384131766, guid: ee329c3cd08e58645834d20702d7f6c6, type: 3}
      propertyPath: m_Name
      value: AK74
      objectReference: {fileID: 0}
    - target: {fileID: 1487774384131766, guid: ee329c3cd08e58645834d20702d7f6c6, type: 3}
      propertyPath: m_IsActive
      value: 0
      objectReference: {fileID: 0}
    - target: {fileID: 4519716788627816, guid: ee329c3cd08e58645834d20702d7f6c6, type: 3}
      propertyPath: m_LocalPosition.x
      value: -0.238
      objectReference: {fileID: 0}
    - target: {fileID: 4519716788627816, guid: ee329c3cd08e58645834d20702d7f6c6, type: 3}
      propertyPath: m_LocalPosition.y
      value: -0.23
      objectReference: {fileID: 0}
    - target: {fileID: 4519716788627816, guid: ee329c3cd08e58645834d20702d7f6c6, type: 3}
      propertyPath: m_LocalPosition.z
      value: 0.441
      objectReference: {fileID: 0}
    - target: {fileID: 4519716788627816, guid: ee329c3cd08e58645834d20702d7f6c6, type: 3}
      propertyPath: m_LocalRotation.x
      value: -0
      objectReference: {fileID: 0}
    - target: {fileID: 4519716788627816, guid: ee329c3cd08e58645834d20702d7f6c6, type: 3}
      propertyPath: m_LocalRotation.y
      value: -1
      objectReference: {fileID: 0}
    - target: {fileID: 4519716788627816, guid: ee329c3cd08e58645834d20702d7f6c6, type: 3}
      propertyPath: m_LocalRotation.z
      value: -0
      objectReference: {fileID: 0}
    - target: {fileID: 4519716788627816, guid: ee329c3cd08e58645834d20702d7f6c6, type: 3}
      propertyPath: m_LocalRotation.w
      value: -0.00000016292068
      objectReference: {fileID: 0}
    - target: {fileID: 4519716788627816, guid: ee329c3cd08e58645834d20702d7f6c6, type: 3}
      propertyPath: m_RootOrder
      value: 0
      objectReference: {fileID: 0}
    - target: {fileID: 4519716788627816, guid: ee329c3cd08e58645834d20702d7f6c6, type: 3}
      propertyPath: m_LocalEulerAnglesHint.x
      value: 0
      objectReference: {fileID: 0}
    - target: {fileID: 4519716788627816, guid: ee329c3cd08e58645834d20702d7f6c6, type: 3}
      propertyPath: m_LocalEulerAnglesHint.y
      value: 0
      objectReference: {fileID: 0}
    - target: {fileID: 4519716788627816, guid: ee329c3cd08e58645834d20702d7f6c6, type: 3}
      propertyPath: m_LocalEulerAnglesHint.z
      value: 0
      objectReference: {fileID: 0}
    m_RemovedComponents: []
  m_SourcePrefab: {fileID: 100100000, guid: ee329c3cd08e58645834d20702d7f6c6, type: 3}
--- !u!1 &1221540157
GameObject:
  m_ObjectHideFlags: 0
  m_CorrespondingSourceObject: {fileID: 0}
  m_PrefabInstance: {fileID: 0}
  m_PrefabAsset: {fileID: 0}
  serializedVersion: 6
  m_Component:
  - component: {fileID: 1221540162}
  - component: {fileID: 1221540161}
  - component: {fileID: 1221540160}
  - component: {fileID: 1221540159}
  - component: {fileID: 1221540158}
  m_Layer: 0
  m_Name: cuboconfisicas1 (2)
  m_TagString: Untagged
  m_Icon: {fileID: 0}
  m_NavMeshLayer: 0
  m_StaticEditorFlags: 0
  m_IsActive: 1
--- !u!54 &1221540158
Rigidbody:
  m_ObjectHideFlags: 0
  m_CorrespondingSourceObject: {fileID: 0}
  m_PrefabInstance: {fileID: 0}
  m_PrefabAsset: {fileID: 0}
  m_GameObject: {fileID: 1221540157}
  serializedVersion: 2
  m_Mass: 1
  m_Drag: 0
  m_AngularDrag: 0.05
  m_UseGravity: 1
  m_IsKinematic: 0
  m_Interpolate: 0
  m_Constraints: 0
  m_CollisionDetection: 0
--- !u!65 &1221540159
BoxCollider:
  m_ObjectHideFlags: 0
  m_CorrespondingSourceObject: {fileID: 0}
  m_PrefabInstance: {fileID: 0}
  m_PrefabAsset: {fileID: 0}
  m_GameObject: {fileID: 1221540157}
  m_Material: {fileID: 0}
  m_IsTrigger: 0
  m_Enabled: 1
  serializedVersion: 2
  m_Size: {x: 1, y: 1, z: 1}
  m_Center: {x: 0, y: 0, z: 0}
--- !u!23 &1221540160
MeshRenderer:
  m_ObjectHideFlags: 0
  m_CorrespondingSourceObject: {fileID: 0}
  m_PrefabInstance: {fileID: 0}
  m_PrefabAsset: {fileID: 0}
  m_GameObject: {fileID: 1221540157}
  m_Enabled: 1
  m_CastShadows: 1
  m_ReceiveShadows: 1
  m_DynamicOccludee: 1
  m_MotionVectors: 1
  m_LightProbeUsage: 1
  m_ReflectionProbeUsage: 1
  m_RenderingLayerMask: 1
  m_RendererPriority: 0
  m_Materials:
  - {fileID: 10303, guid: 0000000000000000f000000000000000, type: 0}
  m_StaticBatchInfo:
    firstSubMesh: 0
    subMeshCount: 0
  m_StaticBatchRoot: {fileID: 0}
  m_ProbeAnchor: {fileID: 0}
  m_LightProbeVolumeOverride: {fileID: 0}
  m_ScaleInLightmap: 1
  m_PreserveUVs: 0
  m_IgnoreNormalsForChartDetection: 0
  m_ImportantGI: 0
  m_StitchLightmapSeams: 0
  m_SelectedEditorRenderState: 3
  m_MinimumChartSize: 4
  m_AutoUVMaxDistance: 0.5
  m_AutoUVMaxAngle: 89
  m_LightmapParameters: {fileID: 0}
  m_SortingLayerID: 0
  m_SortingLayer: 0
  m_SortingOrder: 0
--- !u!33 &1221540161
MeshFilter:
  m_ObjectHideFlags: 0
  m_CorrespondingSourceObject: {fileID: 0}
  m_PrefabInstance: {fileID: 0}
  m_PrefabAsset: {fileID: 0}
  m_GameObject: {fileID: 1221540157}
  m_Mesh: {fileID: 10202, guid: 0000000000000000e000000000000000, type: 0}
--- !u!4 &1221540162
Transform:
  m_ObjectHideFlags: 0
  m_CorrespondingSourceObject: {fileID: 0}
  m_PrefabInstance: {fileID: 0}
  m_PrefabAsset: {fileID: 0}
  m_GameObject: {fileID: 1221540157}
  m_LocalRotation: {x: 0, y: 0, z: 0, w: 1}
  m_LocalPosition: {x: 7.984, y: 3.9659767, z: 0.909}
  m_LocalScale: {x: 1, y: 1, z: 1}
  m_Children: []
  m_Father: {fileID: 0}
  m_RootOrder: 13
  m_LocalEulerAnglesHint: {x: 0, y: 0, z: 0}
--- !u!1001 &1317668503
PrefabInstance:
  m_ObjectHideFlags: 0
  serializedVersion: 2
  m_Modification:
    m_TransformParent: {fileID: 0}
    m_Modifications:
    - target: {fileID: 1728619453497436, guid: e7152d23c09aee845a9594ff1308f6a8, type: 3}
      propertyPath: m_Name
      value: Ammo_box
      objectReference: {fileID: 0}
    - target: {fileID: 1728619453497436, guid: e7152d23c09aee845a9594ff1308f6a8, type: 3}
      propertyPath: m_TagString
      value: Municion
      objectReference: {fileID: 0}
    - target: {fileID: 4232641428546220, guid: e7152d23c09aee845a9594ff1308f6a8, type: 3}
      propertyPath: m_LocalPosition.x
      value: 3.3690438
      objectReference: {fileID: 0}
    - target: {fileID: 4232641428546220, guid: e7152d23c09aee845a9594ff1308f6a8, type: 3}
      propertyPath: m_LocalPosition.y
      value: 0.49249008
      objectReference: {fileID: 0}
    - target: {fileID: 4232641428546220, guid: e7152d23c09aee845a9594ff1308f6a8, type: 3}
      propertyPath: m_LocalPosition.z
      value: 2.806737
      objectReference: {fileID: 0}
    - target: {fileID: 4232641428546220, guid: e7152d23c09aee845a9594ff1308f6a8, type: 3}
      propertyPath: m_LocalRotation.x
      value: 0.000000021855694
      objectReference: {fileID: 0}
    - target: {fileID: 4232641428546220, guid: e7152d23c09aee845a9594ff1308f6a8, type: 3}
      propertyPath: m_LocalRotation.y
      value: 0
      objectReference: {fileID: 0}
    - target: {fileID: 4232641428546220, guid: e7152d23c09aee845a9594ff1308f6a8, type: 3}
      propertyPath: m_LocalRotation.z
      value: -0
      objectReference: {fileID: 0}
    - target: {fileID: 4232641428546220, guid: e7152d23c09aee845a9594ff1308f6a8, type: 3}
      propertyPath: m_LocalRotation.w
      value: 1
      objectReference: {fileID: 0}
    - target: {fileID: 4232641428546220, guid: e7152d23c09aee845a9594ff1308f6a8, type: 3}
      propertyPath: m_RootOrder
      value: 2
      objectReference: {fileID: 0}
    - target: {fileID: 4232641428546220, guid: e7152d23c09aee845a9594ff1308f6a8, type: 3}
      propertyPath: m_LocalEulerAnglesHint.x
      value: 0
      objectReference: {fileID: 0}
    - target: {fileID: 4232641428546220, guid: e7152d23c09aee845a9594ff1308f6a8, type: 3}
      propertyPath: m_LocalEulerAnglesHint.y
      value: 0
      objectReference: {fileID: 0}
    - target: {fileID: 4232641428546220, guid: e7152d23c09aee845a9594ff1308f6a8, type: 3}
      propertyPath: m_LocalEulerAnglesHint.z
      value: 0
      objectReference: {fileID: 0}
    m_RemovedComponents: []
  m_SourcePrefab: {fileID: 100100000, guid: e7152d23c09aee845a9594ff1308f6a8, type: 3}
--- !u!1 &1321664462 stripped
GameObject:
  m_CorrespondingSourceObject: {fileID: 1487774384131766, guid: ee329c3cd08e58645834d20702d7f6c6,
    type: 3}
  m_PrefabInstance: {fileID: 1206311937}
  m_PrefabAsset: {fileID: 0}
--- !u!1 &1496688008
GameObject:
  m_ObjectHideFlags: 0
  m_CorrespondingSourceObject: {fileID: 0}
  m_PrefabInstance: {fileID: 0}
  m_PrefabAsset: {fileID: 0}
  serializedVersion: 6
  m_Component:
  - component: {fileID: 1496688013}
  - component: {fileID: 1496688012}
  - component: {fileID: 1496688011}
  - component: {fileID: 1496688010}
  - component: {fileID: 1496688009}
  m_Layer: 0
  m_Name: cuboconfisicas1 (1)
  m_TagString: Untagged
  m_Icon: {fileID: 0}
  m_NavMeshLayer: 0
  m_StaticEditorFlags: 0
  m_IsActive: 1
--- !u!54 &1496688009
Rigidbody:
  m_ObjectHideFlags: 0
  m_CorrespondingSourceObject: {fileID: 0}
  m_PrefabInstance: {fileID: 0}
  m_PrefabAsset: {fileID: 0}
  m_GameObject: {fileID: 1496688008}
  serializedVersion: 2
  m_Mass: 1
  m_Drag: 0
  m_AngularDrag: 0.05
  m_UseGravity: 1
  m_IsKinematic: 0
  m_Interpolate: 0
  m_Constraints: 0
  m_CollisionDetection: 0
--- !u!65 &1496688010
BoxCollider:
  m_ObjectHideFlags: 0
  m_CorrespondingSourceObject: {fileID: 0}
  m_PrefabInstance: {fileID: 0}
  m_PrefabAsset: {fileID: 0}
  m_GameObject: {fileID: 1496688008}
  m_Material: {fileID: 0}
  m_IsTrigger: 0
  m_Enabled: 1
  serializedVersion: 2
  m_Size: {x: 1, y: 1, z: 1}
  m_Center: {x: 0, y: 0, z: 0}
--- !u!23 &1496688011
MeshRenderer:
  m_ObjectHideFlags: 0
  m_CorrespondingSourceObject: {fileID: 0}
  m_PrefabInstance: {fileID: 0}
  m_PrefabAsset: {fileID: 0}
  m_GameObject: {fileID: 1496688008}
  m_Enabled: 1
  m_CastShadows: 1
  m_ReceiveShadows: 1
  m_DynamicOccludee: 1
  m_MotionVectors: 1
  m_LightProbeUsage: 1
  m_ReflectionProbeUsage: 1
  m_RenderingLayerMask: 1
  m_RendererPriority: 0
  m_Materials:
  - {fileID: 10303, guid: 0000000000000000f000000000000000, type: 0}
  m_StaticBatchInfo:
    firstSubMesh: 0
    subMeshCount: 0
  m_StaticBatchRoot: {fileID: 0}
  m_ProbeAnchor: {fileID: 0}
  m_LightProbeVolumeOverride: {fileID: 0}
  m_ScaleInLightmap: 1
  m_PreserveUVs: 0
  m_IgnoreNormalsForChartDetection: 0
  m_ImportantGI: 0
  m_StitchLightmapSeams: 0
  m_SelectedEditorRenderState: 3
  m_MinimumChartSize: 4
  m_AutoUVMaxDistance: 0.5
  m_AutoUVMaxAngle: 89
  m_LightmapParameters: {fileID: 0}
  m_SortingLayerID: 0
  m_SortingLayer: 0
  m_SortingOrder: 0
--- !u!33 &1496688012
MeshFilter:
  m_ObjectHideFlags: 0
  m_CorrespondingSourceObject: {fileID: 0}
  m_PrefabInstance: {fileID: 0}
  m_PrefabAsset: {fileID: 0}
  m_GameObject: {fileID: 1496688008}
  m_Mesh: {fileID: 10202, guid: 0000000000000000e000000000000000, type: 0}
--- !u!4 &1496688013
Transform:
  m_ObjectHideFlags: 0
  m_CorrespondingSourceObject: {fileID: 0}
  m_PrefabInstance: {fileID: 0}
  m_PrefabAsset: {fileID: 0}
  m_GameObject: {fileID: 1496688008}
  m_LocalRotation: {x: 0, y: 0, z: 0, w: 1}
  m_LocalPosition: {x: 7.984, y: 3.9659767, z: 4.95}
  m_LocalScale: {x: 1, y: 1, z: 1}
  m_Children: []
  m_Father: {fileID: 0}
  m_RootOrder: 12
  m_LocalEulerAnglesHint: {x: 0, y: 0, z: 0}
--- !u!1 &1531645790 stripped
GameObject:
  m_CorrespondingSourceObject: {fileID: 1127705912109172, guid: 8e0f285c21cdcf14e8d5c06c57ba936b,
    type: 3}
  m_PrefabInstance: {fileID: 539153859}
  m_PrefabAsset: {fileID: 0}
--- !u!64 &1531645792
MeshCollider:
  m_ObjectHideFlags: 0
  m_CorrespondingSourceObject: {fileID: 0}
  m_PrefabInstance: {fileID: 0}
  m_PrefabAsset: {fileID: 0}
  m_GameObject: {fileID: 1531645790}
  m_Material: {fileID: 0}
  m_IsTrigger: 0
  m_Enabled: 1
  serializedVersion: 3
  m_Convex: 1
  m_CookingOptions: 14
  m_Mesh: {fileID: 0}
--- !u!224 &1562445118 stripped
RectTransform:
  m_CorrespondingSourceObject: {fileID: 22409990, guid: 81154777d5417884981849c5243f6c01,
    type: 3}
  m_PrefabInstance: {fileID: 1746253352}
  m_PrefabAsset: {fileID: 0}
--- !u!4 &1612152145 stripped
Transform:
  m_CorrespondingSourceObject: {fileID: 400000, guid: c6453f8e1f814744d8b94e5a6d1f9942,
    type: 3}
  m_PrefabInstance: {fileID: 739098062}
  m_PrefabAsset: {fileID: 0}
--- !u!1 &1655361700
GameObject:
  m_ObjectHideFlags: 0
  m_CorrespondingSourceObject: {fileID: 0}
  m_PrefabInstance: {fileID: 0}
  m_PrefabAsset: {fileID: 0}
  serializedVersion: 6
  m_Component:
  - component: {fileID: 1655361702}
  - component: {fileID: 1655361701}
  m_Layer: 0
  m_Name: Audio Source
  m_TagString: Untagged
  m_Icon: {fileID: 0}
  m_NavMeshLayer: 0
  m_StaticEditorFlags: 0
  m_IsActive: 1
--- !u!82 &1655361701
AudioSource:
  m_ObjectHideFlags: 0
  m_CorrespondingSourceObject: {fileID: 0}
  m_PrefabInstance: {fileID: 0}
  m_PrefabAsset: {fileID: 0}
  m_GameObject: {fileID: 1655361700}
  m_Enabled: 1
  serializedVersion: 4
  OutputAudioMixerGroup: {fileID: 0}
  m_audioClip: {fileID: 8300000, guid: e7632c6401c09437e83de45d33c5858e, type: 3}
  m_PlayOnAwake: 1
  m_Volume: 1
  m_Pitch: 1
  Loop: 0
  Mute: 0
  Spatialize: 0
  SpatializePostEffects: 0
  Priority: 128
  DopplerLevel: 1
  MinDistance: 1
  MaxDistance: 500
  Pan2D: 0
  rolloffMode: 0
  BypassEffects: 0
  BypassListenerEffects: 0
  BypassReverbZones: 0
  rolloffCustomCurve:
    serializedVersion: 2
    m_Curve:
    - serializedVersion: 3
      time: 0
      value: 1
      inSlope: 0
      outSlope: 0
      tangentMode: 0
      weightedMode: 0
      inWeight: 0.33333334
      outWeight: 0.33333334
    - serializedVersion: 3
      time: 1
      value: 0
      inSlope: 0
      outSlope: 0
      tangentMode: 0
      weightedMode: 0
      inWeight: 0.33333334
      outWeight: 0.33333334
    m_PreInfinity: 2
    m_PostInfinity: 2
    m_RotationOrder: 4
  panLevelCustomCurve:
    serializedVersion: 2
    m_Curve:
    - serializedVersion: 3
      time: 0
      value: 0
      inSlope: 0
      outSlope: 0
      tangentMode: 0
      weightedMode: 0
      inWeight: 0.33333334
      outWeight: 0.33333334
    m_PreInfinity: 2
    m_PostInfinity: 2
    m_RotationOrder: 4
  spreadCustomCurve:
    serializedVersion: 2
    m_Curve:
    - serializedVersion: 3
      time: 0
      value: 0
      inSlope: 0
      outSlope: 0
      tangentMode: 0
      weightedMode: 0
      inWeight: 0.33333334
      outWeight: 0.33333334
    m_PreInfinity: 2
    m_PostInfinity: 2
    m_RotationOrder: 4
  reverbZoneMixCustomCurve:
    serializedVersion: 2
    m_Curve:
    - serializedVersion: 3
      time: 0
      value: 1
      inSlope: 0
      outSlope: 0
      tangentMode: 0
      weightedMode: 0
      inWeight: 0.33333334
      outWeight: 0.33333334
    m_PreInfinity: 2
    m_PostInfinity: 2
    m_RotationOrder: 4
--- !u!4 &1655361702
Transform:
  m_ObjectHideFlags: 0
  m_CorrespondingSourceObject: {fileID: 0}
  m_PrefabInstance: {fileID: 0}
  m_PrefabAsset: {fileID: 0}
  m_GameObject: {fileID: 1655361700}
  m_LocalRotation: {x: 0, y: 0, z: 0, w: 1}
  m_LocalPosition: {x: 10.521131, y: 0.98042536, z: 0.320117}
  m_LocalScale: {x: 1, y: 1, z: 1}
  m_Children: []
  m_Father: {fileID: 0}
  m_RootOrder: 21
  m_LocalEulerAnglesHint: {x: 0, y: 0, z: 0}
--- !u!1001 &1687926496
PrefabInstance:
  m_ObjectHideFlags: 0
  serializedVersion: 2
  m_Modification:
    m_TransformParent: {fileID: 0}
    m_Modifications:
    - target: {fileID: 1644476406946372, guid: 20ffe5c18928a4c4594e9261db2333af, type: 3}
      propertyPath: m_Name
      value: Old_USSR_Lamp_01 (1)
      objectReference: {fileID: 0}
    - target: {fileID: 4848899773351372, guid: 20ffe5c18928a4c4594e9261db2333af, type: 3}
      propertyPath: m_LocalPosition.x
      value: 3.3490725
      objectReference: {fileID: 0}
    - target: {fileID: 4848899773351372, guid: 20ffe5c18928a4c4594e9261db2333af, type: 3}
      propertyPath: m_LocalPosition.y
      value: 0.8931054
      objectReference: {fileID: 0}
    - target: {fileID: 4848899773351372, guid: 20ffe5c18928a4c4594e9261db2333af, type: 3}
      propertyPath: m_LocalPosition.z
      value: 2.754832
      objectReference: {fileID: 0}
    - target: {fileID: 4848899773351372, guid: 20ffe5c18928a4c4594e9261db2333af, type: 3}
      propertyPath: m_LocalRotation.x
      value: 0
      objectReference: {fileID: 0}
    - target: {fileID: 4848899773351372, guid: 20ffe5c18928a4c4594e9261db2333af, type: 3}
      propertyPath: m_LocalRotation.y
      value: 0
      objectReference: {fileID: 0}
    - target: {fileID: 4848899773351372, guid: 20ffe5c18928a4c4594e9261db2333af, type: 3}
      propertyPath: m_LocalRotation.z
      value: 0
      objectReference: {fileID: 0}
    - target: {fileID: 4848899773351372, guid: 20ffe5c18928a4c4594e9261db2333af, type: 3}
      propertyPath: m_LocalRotation.w
      value: 1
      objectReference: {fileID: 0}
    - target: {fileID: 4848899773351372, guid: 20ffe5c18928a4c4594e9261db2333af, type: 3}
      propertyPath: m_RootOrder
      value: 1
      objectReference: {fileID: 0}
    - target: {fileID: 4848899773351372, guid: 20ffe5c18928a4c4594e9261db2333af, type: 3}
      propertyPath: m_LocalEulerAnglesHint.x
      value: 0
      objectReference: {fileID: 0}
    - target: {fileID: 4848899773351372, guid: 20ffe5c18928a4c4594e9261db2333af, type: 3}
      propertyPath: m_LocalEulerAnglesHint.y
      value: 0
      objectReference: {fileID: 0}
    - target: {fileID: 4848899773351372, guid: 20ffe5c18928a4c4594e9261db2333af, type: 3}
      propertyPath: m_LocalEulerAnglesHint.z
      value: 0
      objectReference: {fileID: 0}
    m_RemovedComponents: []
  m_SourcePrefab: {fileID: 100100000, guid: 20ffe5c18928a4c4594e9261db2333af, type: 3}
--- !u!1001 &1697374332
PrefabInstance:
  m_ObjectHideFlags: 0
  serializedVersion: 2
  m_Modification:
    m_TransformParent: {fileID: 1612152145}
    m_Modifications:
    - target: {fileID: 1236257789494122, guid: 8b0b86b42def11849a8eba21f4a6a684, type: 3}
      propertyPath: m_Name
      value: Bennelli_M4
      objectReference: {fileID: 0}
    - target: {fileID: 4243371153570508, guid: 8b0b86b42def11849a8eba21f4a6a684, type: 3}
      propertyPath: m_LocalPosition.x
      value: -0.281
      objectReference: {fileID: 0}
    - target: {fileID: 4243371153570508, guid: 8b0b86b42def11849a8eba21f4a6a684, type: 3}
      propertyPath: m_LocalPosition.y
      value: -0.155
      objectReference: {fileID: 0}
    - target: {fileID: 4243371153570508, guid: 8b0b86b42def11849a8eba21f4a6a684, type: 3}
      propertyPath: m_LocalPosition.z
      value: 0.513
      objectReference: {fileID: 0}
    - target: {fileID: 4243371153570508, guid: 8b0b86b42def11849a8eba21f4a6a684, type: 3}
      propertyPath: m_LocalRotation.x
      value: 0
      objectReference: {fileID: 0}
    - target: {fileID: 4243371153570508, guid: 8b0b86b42def11849a8eba21f4a6a684, type: 3}
      propertyPath: m_LocalRotation.y
      value: 1
      objectReference: {fileID: 0}
    - target: {fileID: 4243371153570508, guid: 8b0b86b42def11849a8eba21f4a6a684, type: 3}
      propertyPath: m_LocalRotation.z
      value: 0
      objectReference: {fileID: 0}
    - target: {fileID: 4243371153570508, guid: 8b0b86b42def11849a8eba21f4a6a684, type: 3}
      propertyPath: m_LocalRotation.w
      value: 0
      objectReference: {fileID: 0}
    - target: {fileID: 4243371153570508, guid: 8b0b86b42def11849a8eba21f4a6a684, type: 3}
      propertyPath: m_RootOrder
      value: 1
      objectReference: {fileID: 0}
    - target: {fileID: 4243371153570508, guid: 8b0b86b42def11849a8eba21f4a6a684, type: 3}
      propertyPath: m_LocalEulerAnglesHint.x
      value: 0
      objectReference: {fileID: 0}
    - target: {fileID: 4243371153570508, guid: 8b0b86b42def11849a8eba21f4a6a684, type: 3}
      propertyPath: m_LocalEulerAnglesHint.y
      value: 180
      objectReference: {fileID: 0}
    - target: {fileID: 4243371153570508, guid: 8b0b86b42def11849a8eba21f4a6a684, type: 3}
      propertyPath: m_LocalEulerAnglesHint.z
      value: 0
      objectReference: {fileID: 0}
    - target: {fileID: 4819501579468060, guid: 8b0b86b42def11849a8eba21f4a6a684, type: 3}
      propertyPath: m_LocalRotation.y
      value: 0
      objectReference: {fileID: 0}
    - target: {fileID: 4819501579468060, guid: 8b0b86b42def11849a8eba21f4a6a684, type: 3}
      propertyPath: m_LocalRotation.z
      value: 0
      objectReference: {fileID: 0}
    - target: {fileID: 4819501579468060, guid: 8b0b86b42def11849a8eba21f4a6a684, type: 3}
      propertyPath: m_LocalPosition.x
      value: 0
      objectReference: {fileID: 0}
    - target: {fileID: 4819501579468060, guid: 8b0b86b42def11849a8eba21f4a6a684, type: 3}
      propertyPath: m_LocalPosition.y
      value: -0.03153691
      objectReference: {fileID: 0}
    - target: {fileID: 4819501579468060, guid: 8b0b86b42def11849a8eba21f4a6a684, type: 3}
      propertyPath: m_LocalPosition.z
      value: -0.1396921
      objectReference: {fileID: 0}
    - target: {fileID: 4996469487512398, guid: 8b0b86b42def11849a8eba21f4a6a684, type: 3}
      propertyPath: m_LocalPosition.y
      value: -0.038393416
      objectReference: {fileID: 0}
    - target: {fileID: 4996469487512398, guid: 8b0b86b42def11849a8eba21f4a6a684, type: 3}
      propertyPath: m_LocalPosition.x
      value: 0
      objectReference: {fileID: 0}
    - target: {fileID: 4996469487512398, guid: 8b0b86b42def11849a8eba21f4a6a684, type: 3}
      propertyPath: m_LocalPosition.z
      value: 0
      objectReference: {fileID: 0}
    - target: {fileID: 4996469487512398, guid: 8b0b86b42def11849a8eba21f4a6a684, type: 3}
      propertyPath: m_LocalRotation.w
      value: 0.9954045
      objectReference: {fileID: 0}
    - target: {fileID: 4996469487512398, guid: 8b0b86b42def11849a8eba21f4a6a684, type: 3}
      propertyPath: m_LocalRotation.x
      value: -0.09575884
      objectReference: {fileID: 0}
    - target: {fileID: 4996469487512398, guid: 8b0b86b42def11849a8eba21f4a6a684, type: 3}
      propertyPath: m_LocalRotation.y
      value: 0
      objectReference: {fileID: 0}
    - target: {fileID: 4996469487512398, guid: 8b0b86b42def11849a8eba21f4a6a684, type: 3}
      propertyPath: m_LocalRotation.z
      value: 0
      objectReference: {fileID: 0}
    - target: {fileID: 4996469487512398, guid: 8b0b86b42def11849a8eba21f4a6a684, type: 3}
      propertyPath: m_LocalEulerAnglesHint.x
      value: -10.99
      objectReference: {fileID: 0}
    m_RemovedComponents: []
  m_SourcePrefab: {fileID: 100100000, guid: 8b0b86b42def11849a8eba21f4a6a684, type: 3}
--- !u!1 &1720950513
GameObject:
  m_ObjectHideFlags: 0
  m_CorrespondingSourceObject: {fileID: 0}
  m_PrefabInstance: {fileID: 0}
  m_PrefabAsset: {fileID: 0}
  serializedVersion: 6
  m_Component:
  - component: {fileID: 1720950518}
  - component: {fileID: 1720950517}
  - component: {fileID: 1720950516}
  - component: {fileID: 1720950515}
  - component: {fileID: 1720950514}
  m_Layer: 0
  m_Name: cuboconfisicas1 (3)
  m_TagString: Untagged
  m_Icon: {fileID: 0}
  m_NavMeshLayer: 0
  m_StaticEditorFlags: 0
  m_IsActive: 1
--- !u!54 &1720950514
Rigidbody:
  m_ObjectHideFlags: 0
  m_CorrespondingSourceObject: {fileID: 0}
  m_PrefabInstance: {fileID: 0}
  m_PrefabAsset: {fileID: 0}
  m_GameObject: {fileID: 1720950513}
  serializedVersion: 2
  m_Mass: 1
  m_Drag: 0
  m_AngularDrag: 0.05
  m_UseGravity: 1
  m_IsKinematic: 0
  m_Interpolate: 0
  m_Constraints: 0
  m_CollisionDetection: 0
--- !u!65 &1720950515
BoxCollider:
  m_ObjectHideFlags: 0
  m_CorrespondingSourceObject: {fileID: 0}
  m_PrefabInstance: {fileID: 0}
  m_PrefabAsset: {fileID: 0}
  m_GameObject: {fileID: 1720950513}
  m_Material: {fileID: 0}
  m_IsTrigger: 0
  m_Enabled: 1
  serializedVersion: 2
  m_Size: {x: 1, y: 1, z: 1}
  m_Center: {x: 0, y: 0, z: 0}
--- !u!23 &1720950516
MeshRenderer:
  m_ObjectHideFlags: 0
  m_CorrespondingSourceObject: {fileID: 0}
  m_PrefabInstance: {fileID: 0}
  m_PrefabAsset: {fileID: 0}
  m_GameObject: {fileID: 1720950513}
  m_Enabled: 1
  m_CastShadows: 1
  m_ReceiveShadows: 1
  m_DynamicOccludee: 1
  m_MotionVectors: 1
  m_LightProbeUsage: 1
  m_ReflectionProbeUsage: 1
  m_RenderingLayerMask: 1
  m_RendererPriority: 0
  m_Materials:
  - {fileID: 10303, guid: 0000000000000000f000000000000000, type: 0}
  m_StaticBatchInfo:
    firstSubMesh: 0
    subMeshCount: 0
  m_StaticBatchRoot: {fileID: 0}
  m_ProbeAnchor: {fileID: 0}
  m_LightProbeVolumeOverride: {fileID: 0}
  m_ScaleInLightmap: 1
  m_PreserveUVs: 0
  m_IgnoreNormalsForChartDetection: 0
  m_ImportantGI: 0
  m_StitchLightmapSeams: 0
  m_SelectedEditorRenderState: 3
  m_MinimumChartSize: 4
  m_AutoUVMaxDistance: 0.5
  m_AutoUVMaxAngle: 89
  m_LightmapParameters: {fileID: 0}
  m_SortingLayerID: 0
  m_SortingLayer: 0
  m_SortingOrder: 0
--- !u!33 &1720950517
MeshFilter:
  m_ObjectHideFlags: 0
  m_CorrespondingSourceObject: {fileID: 0}
  m_PrefabInstance: {fileID: 0}
  m_PrefabAsset: {fileID: 0}
  m_GameObject: {fileID: 1720950513}
  m_Mesh: {fileID: 10202, guid: 0000000000000000e000000000000000, type: 0}
--- !u!4 &1720950518
Transform:
  m_ObjectHideFlags: 0
  m_CorrespondingSourceObject: {fileID: 0}
  m_PrefabInstance: {fileID: 0}
  m_PrefabAsset: {fileID: 0}
  m_GameObject: {fileID: 1720950513}
  m_LocalRotation: {x: 0, y: 0, z: 0, w: 1}
  m_LocalPosition: {x: 9.56, y: 3.9659767, z: 2.691}
  m_LocalScale: {x: 1, y: 1, z: 1}
  m_Children: []
  m_Father: {fileID: 0}
  m_RootOrder: 14
  m_LocalEulerAnglesHint: {x: 0, y: 0, z: 0}
--- !u!1001 &1746253352
PrefabInstance:
  m_ObjectHideFlags: 0
  serializedVersion: 2
  m_Modification:
    m_TransformParent: {fileID: 0}
    m_Modifications:
    - target: {fileID: 100000, guid: 81154777d5417884981849c5243f6c01, type: 3}
      propertyPath: m_Name
      value: FramerateCounter
      objectReference: {fileID: 0}
    - target: {fileID: 22409990, guid: 81154777d5417884981849c5243f6c01, type: 3}
      propertyPath: m_LocalPosition.x
      value: 0
      objectReference: {fileID: 0}
    - target: {fileID: 22409990, guid: 81154777d5417884981849c5243f6c01, type: 3}
      propertyPath: m_LocalPosition.y
      value: 0
      objectReference: {fileID: 0}
    - target: {fileID: 22409990, guid: 81154777d5417884981849c5243f6c01, type: 3}
      propertyPath: m_LocalPosition.z
      value: 0
      objectReference: {fileID: 0}
    - target: {fileID: 22409990, guid: 81154777d5417884981849c5243f6c01, type: 3}
      propertyPath: m_LocalRotation.x
      value: 0
      objectReference: {fileID: 0}
    - target: {fileID: 22409990, guid: 81154777d5417884981849c5243f6c01, type: 3}
      propertyPath: m_LocalRotation.y
      value: 0
      objectReference: {fileID: 0}
    - target: {fileID: 22409990, guid: 81154777d5417884981849c5243f6c01, type: 3}
      propertyPath: m_LocalRotation.z
      value: 0
      objectReference: {fileID: 0}
    - target: {fileID: 22409990, guid: 81154777d5417884981849c5243f6c01, type: 3}
      propertyPath: m_LocalRotation.w
      value: 1
      objectReference: {fileID: 0}
    - target: {fileID: 22409990, guid: 81154777d5417884981849c5243f6c01, type: 3}
      propertyPath: m_RootOrder
      value: 7
      objectReference: {fileID: 0}
    - target: {fileID: 22409990, guid: 81154777d5417884981849c5243f6c01, type: 3}
      propertyPath: m_LocalEulerAnglesHint.x
      value: 0
      objectReference: {fileID: 0}
    - target: {fileID: 22409990, guid: 81154777d5417884981849c5243f6c01, type: 3}
      propertyPath: m_LocalEulerAnglesHint.y
      value: 0
      objectReference: {fileID: 0}
    - target: {fileID: 22409990, guid: 81154777d5417884981849c5243f6c01, type: 3}
      propertyPath: m_LocalEulerAnglesHint.z
      value: 0
      objectReference: {fileID: 0}
    - target: {fileID: 22409990, guid: 81154777d5417884981849c5243f6c01, type: 3}
      propertyPath: m_AnchoredPosition.x
      value: 0
      objectReference: {fileID: 0}
    - target: {fileID: 22409990, guid: 81154777d5417884981849c5243f6c01, type: 3}
      propertyPath: m_AnchoredPosition.y
      value: 0
      objectReference: {fileID: 0}
    - target: {fileID: 22409990, guid: 81154777d5417884981849c5243f6c01, type: 3}
      propertyPath: m_SizeDelta.x
      value: 0
      objectReference: {fileID: 0}
    - target: {fileID: 22409990, guid: 81154777d5417884981849c5243f6c01, type: 3}
      propertyPath: m_SizeDelta.y
      value: 0
      objectReference: {fileID: 0}
    - target: {fileID: 22409990, guid: 81154777d5417884981849c5243f6c01, type: 3}
      propertyPath: m_AnchorMin.x
      value: 0
      objectReference: {fileID: 0}
    - target: {fileID: 22409990, guid: 81154777d5417884981849c5243f6c01, type: 3}
      propertyPath: m_AnchorMin.y
      value: 0
      objectReference: {fileID: 0}
    - target: {fileID: 22409990, guid: 81154777d5417884981849c5243f6c01, type: 3}
      propertyPath: m_AnchorMax.x
      value: 0
      objectReference: {fileID: 0}
    - target: {fileID: 22409990, guid: 81154777d5417884981849c5243f6c01, type: 3}
      propertyPath: m_AnchorMax.y
      value: 0
      objectReference: {fileID: 0}
    - target: {fileID: 22409990, guid: 81154777d5417884981849c5243f6c01, type: 3}
      propertyPath: m_Pivot.x
      value: 0
      objectReference: {fileID: 0}
    - target: {fileID: 22409990, guid: 81154777d5417884981849c5243f6c01, type: 3}
      propertyPath: m_Pivot.y
      value: 0
      objectReference: {fileID: 0}
    - target: {fileID: 22323452, guid: 81154777d5417884981849c5243f6c01, type: 3}
      propertyPath: m_RenderMode
      value: 1
      objectReference: {fileID: 0}
    - target: {fileID: 22323452, guid: 81154777d5417884981849c5243f6c01, type: 3}
      propertyPath: m_Camera
      value: 
      objectReference: {fileID: 490472595}
    - target: {fileID: 22323452, guid: 81154777d5417884981849c5243f6c01, type: 3}
      propertyPath: m_PlaneDistance
      value: 0.4
      objectReference: {fileID: 0}
    - target: {fileID: 22323452, guid: 81154777d5417884981849c5243f6c01, type: 3}
      propertyPath: m_PixelPerfect
      value: 0
      objectReference: {fileID: 0}
    - target: {fileID: 167734, guid: 81154777d5417884981849c5243f6c01, type: 3}
      propertyPath: m_Name
      value: TextoFPS
      objectReference: {fileID: 0}
    - target: {fileID: 11403178, guid: 81154777d5417884981849c5243f6c01, type: 3}
      propertyPath: m_UiScaleMode
      value: 1
      objectReference: {fileID: 0}
    m_RemovedComponents: []
  m_SourcePrefab: {fileID: 100100000, guid: 81154777d5417884981849c5243f6c01, type: 3}
--- !u!1 &1746253353 stripped
GameObject:
  m_CorrespondingSourceObject: {fileID: 100000, guid: 81154777d5417884981849c5243f6c01,
    type: 3}
  m_PrefabInstance: {fileID: 1746253352}
  m_PrefabAsset: {fileID: 0}
--- !u!114 &1746253354
MonoBehaviour:
  m_ObjectHideFlags: 0
  m_CorrespondingSourceObject: {fileID: 0}
  m_PrefabInstance: {fileID: 0}
  m_PrefabAsset: {fileID: 0}
  m_GameObject: {fileID: 1746253353}
  m_Enabled: 1
  m_EditorHideFlags: 0
  m_Script: {fileID: 11500000, guid: 7a9effbcdb548d645b62652dfc3d2d7f, type: 3}
  m_Name: 
  m_EditorClassIdentifier: 
  Escopeta: {fileID: 548789883}
  AK74: {fileID: 699481495}
  textoMunicion: {fileID: 1808608866}
--- !u!1 &1757283339 stripped
GameObject:
  m_CorrespondingSourceObject: {fileID: 5607560550131472032, guid: 98eac944b7c0bf9499ca66c50ef3a882,
    type: 3}
  m_PrefabInstance: {fileID: 9150073683445737934}
  m_PrefabAsset: {fileID: 0}
--- !u!114 &1757283340
MonoBehaviour:
  m_ObjectHideFlags: 0
  m_CorrespondingSourceObject: {fileID: 0}
  m_PrefabInstance: {fileID: 0}
  m_PrefabAsset: {fileID: 0}
  m_GameObject: {fileID: 1757283339}
  m_Enabled: 1
  m_EditorHideFlags: 0
  m_Script: {fileID: 11500000, guid: 888285041b3dd9e449f9ced13a59c077, type: 3}
  m_Name: 
  m_EditorClassIdentifier: 
  hp: 50
  ragdoll: {fileID: 5160494699849848627, guid: 108b35964fdc7eb449e16a90c163be43, type: 3}
--- !u!1 &1808608864
GameObject:
  m_ObjectHideFlags: 0
  m_CorrespondingSourceObject: {fileID: 0}
  m_PrefabInstance: {fileID: 0}
  m_PrefabAsset: {fileID: 0}
  serializedVersion: 6
  m_Component:
  - component: {fileID: 1808608865}
  - component: {fileID: 1808608867}
  - component: {fileID: 1808608866}
  m_Layer: 5
  m_Name: TextoMunicion
  m_TagString: Untagged
  m_Icon: {fileID: 0}
  m_NavMeshLayer: 0
  m_StaticEditorFlags: 0
  m_IsActive: 1
--- !u!224 &1808608865
RectTransform:
  m_ObjectHideFlags: 0
  m_CorrespondingSourceObject: {fileID: 0}
  m_PrefabInstance: {fileID: 0}
  m_PrefabAsset: {fileID: 0}
  m_GameObject: {fileID: 1808608864}
  m_LocalRotation: {x: 0, y: 0, z: 0, w: 1}
  m_LocalPosition: {x: 0, y: 0, z: 0}
  m_LocalScale: {x: 1, y: 1, z: 1}
  m_Children: []
  m_Father: {fileID: 1562445118}
  m_RootOrder: 4
  m_LocalEulerAnglesHint: {x: 0, y: 0, z: 0}
  m_AnchorMin: {x: 0.5, y: 0.5}
  m_AnchorMax: {x: 0.5, y: 0.5}
  m_AnchoredPosition: {x: 236, y: -196.99992}
  m_SizeDelta: {x: 160, y: 59.27}
  m_Pivot: {x: 0.5, y: 0.5}
--- !u!114 &1808608866
MonoBehaviour:
  m_ObjectHideFlags: 0
  m_CorrespondingSourceObject: {fileID: 0}
  m_PrefabInstance: {fileID: 0}
  m_PrefabAsset: {fileID: 0}
  m_GameObject: {fileID: 1808608864}
  m_Enabled: 1
  m_EditorHideFlags: 0
  m_Script: {fileID: 708705254, guid: f70555f144d8491a825f0804e09c671c, type: 3}
  m_Name: 
  m_EditorClassIdentifier: 
  m_Material: {fileID: 0}
  m_Color: {r: 0.19607843, g: 0.19607843, b: 0.19607843, a: 1}
  m_RaycastTarget: 1
  m_OnCullStateChanged:
    m_PersistentCalls:
      m_Calls: []
    m_TypeName: UnityEngine.UI.MaskableGraphic+CullStateChangedEvent, UnityEngine.UI,
      Version=1.0.0.0, Culture=neutral, PublicKeyToken=null
  m_FontData:
    m_Font: {fileID: 10102, guid: 0000000000000000e000000000000000, type: 0}
    m_FontSize: 14
    m_FontStyle: 0
    m_BestFit: 0
    m_MinSize: 10
    m_MaxSize: 40
    m_Alignment: 5
    m_AlignByGeometry: 0
    m_RichText: 1
    m_HorizontalOverflow: 0
    m_VerticalOverflow: 0
    m_LineSpacing: 1
  m_Text: New Text
--- !u!222 &1808608867
CanvasRenderer:
  m_ObjectHideFlags: 0
  m_CorrespondingSourceObject: {fileID: 0}
  m_PrefabInstance: {fileID: 0}
  m_PrefabAsset: {fileID: 0}
  m_GameObject: {fileID: 1808608864}
  m_CullTransparentMesh: 0
--- !u!1 &1836310862
GameObject:
  m_ObjectHideFlags: 0
  m_CorrespondingSourceObject: {fileID: 0}
  m_PrefabInstance: {fileID: 0}
  m_PrefabAsset: {fileID: 0}
  serializedVersion: 6
  m_Component:
  - component: {fileID: 1836310865}
  - component: {fileID: 1836310864}
  - component: {fileID: 1836310863}
  m_Layer: 0
  m_Name: EventSystem
  m_TagString: Untagged
  m_Icon: {fileID: 0}
  m_NavMeshLayer: 0
  m_StaticEditorFlags: 0
  m_IsActive: 1
--- !u!114 &1836310863
MonoBehaviour:
  m_ObjectHideFlags: 0
  m_CorrespondingSourceObject: {fileID: 0}
  m_PrefabInstance: {fileID: 0}
  m_PrefabAsset: {fileID: 0}
  m_GameObject: {fileID: 1836310862}
  m_Enabled: 1
  m_EditorHideFlags: 0
  m_Script: {fileID: 1077351063, guid: f70555f144d8491a825f0804e09c671c, type: 3}
  m_Name: 
  m_EditorClassIdentifier: 
  m_HorizontalAxis: Horizontal
  m_VerticalAxis: Vertical
  m_SubmitButton: Submit
  m_CancelButton: Cancel
  m_InputActionsPerSecond: 10
  m_RepeatDelay: 0.5
  m_ForceModuleActive: 0
--- !u!114 &1836310864
MonoBehaviour:
  m_ObjectHideFlags: 0
  m_CorrespondingSourceObject: {fileID: 0}
  m_PrefabInstance: {fileID: 0}
  m_PrefabAsset: {fileID: 0}
  m_GameObject: {fileID: 1836310862}
  m_Enabled: 1
  m_EditorHideFlags: 0
  m_Script: {fileID: -619905303, guid: f70555f144d8491a825f0804e09c671c, type: 3}
  m_Name: 
  m_EditorClassIdentifier: 
  m_FirstSelected: {fileID: 0}
  m_sendNavigationEvents: 1
  m_DragThreshold: 10
--- !u!4 &1836310865
Transform:
  m_ObjectHideFlags: 0
  m_CorrespondingSourceObject: {fileID: 0}
  m_PrefabInstance: {fileID: 0}
  m_PrefabAsset: {fileID: 0}
  m_GameObject: {fileID: 1836310862}
  m_LocalRotation: {x: 0, y: 0, z: 0, w: 1}
  m_LocalPosition: {x: 0, y: 0, z: 0}
  m_LocalScale: {x: 1, y: 1, z: 1}
  m_Children: []
  m_Father: {fileID: 0}
  m_RootOrder: 20
  m_LocalEulerAnglesHint: {x: 0, y: 0, z: 0}
--- !u!1 &1925707486
GameObject:
  m_ObjectHideFlags: 0
  m_CorrespondingSourceObject: {fileID: 0}
  m_PrefabInstance: {fileID: 0}
  m_PrefabAsset: {fileID: 0}
  serializedVersion: 6
  m_Component:
  - component: {fileID: 1925707491}
  - component: {fileID: 1925707490}
  - component: {fileID: 1925707489}
  - component: {fileID: 1925707488}
  - component: {fileID: 1925707487}
  m_Layer: 0
  m_Name: cuboconfisicas1 (6)
  m_TagString: Untagged
  m_Icon: {fileID: 0}
  m_NavMeshLayer: 0
  m_StaticEditorFlags: 0
  m_IsActive: 1
--- !u!54 &1925707487
Rigidbody:
  m_ObjectHideFlags: 0
  m_CorrespondingSourceObject: {fileID: 0}
  m_PrefabInstance: {fileID: 0}
  m_PrefabAsset: {fileID: 0}
  m_GameObject: {fileID: 1925707486}
  serializedVersion: 2
  m_Mass: 1
  m_Drag: 0
  m_AngularDrag: 0.05
  m_UseGravity: 1
  m_IsKinematic: 0
  m_Interpolate: 0
  m_Constraints: 0
  m_CollisionDetection: 0
--- !u!65 &1925707488
BoxCollider:
  m_ObjectHideFlags: 0
  m_CorrespondingSourceObject: {fileID: 0}
  m_PrefabInstance: {fileID: 0}
  m_PrefabAsset: {fileID: 0}
  m_GameObject: {fileID: 1925707486}
  m_Material: {fileID: 0}
  m_IsTrigger: 0
  m_Enabled: 1
  serializedVersion: 2
  m_Size: {x: 1, y: 1, z: 1}
  m_Center: {x: 0, y: 0, z: 0}
--- !u!23 &1925707489
MeshRenderer:
  m_ObjectHideFlags: 0
  m_CorrespondingSourceObject: {fileID: 0}
  m_PrefabInstance: {fileID: 0}
  m_PrefabAsset: {fileID: 0}
  m_GameObject: {fileID: 1925707486}
  m_Enabled: 1
  m_CastShadows: 1
  m_ReceiveShadows: 1
  m_DynamicOccludee: 1
  m_MotionVectors: 1
  m_LightProbeUsage: 1
  m_ReflectionProbeUsage: 1
  m_RenderingLayerMask: 1
  m_RendererPriority: 0
  m_Materials:
  - {fileID: 10303, guid: 0000000000000000f000000000000000, type: 0}
  m_StaticBatchInfo:
    firstSubMesh: 0
    subMeshCount: 0
  m_StaticBatchRoot: {fileID: 0}
  m_ProbeAnchor: {fileID: 0}
  m_LightProbeVolumeOverride: {fileID: 0}
  m_ScaleInLightmap: 1
  m_PreserveUVs: 0
  m_IgnoreNormalsForChartDetection: 0
  m_ImportantGI: 0
  m_StitchLightmapSeams: 0
  m_SelectedEditorRenderState: 3
  m_MinimumChartSize: 4
  m_AutoUVMaxDistance: 0.5
  m_AutoUVMaxAngle: 89
  m_LightmapParameters: {fileID: 0}
  m_SortingLayerID: 0
  m_SortingLayer: 0
  m_SortingOrder: 0
--- !u!33 &1925707490
MeshFilter:
  m_ObjectHideFlags: 0
  m_CorrespondingSourceObject: {fileID: 0}
  m_PrefabInstance: {fileID: 0}
  m_PrefabAsset: {fileID: 0}
  m_GameObject: {fileID: 1925707486}
  m_Mesh: {fileID: 10202, guid: 0000000000000000e000000000000000, type: 0}
--- !u!4 &1925707491
Transform:
  m_ObjectHideFlags: 0
  m_CorrespondingSourceObject: {fileID: 0}
  m_PrefabInstance: {fileID: 0}
  m_PrefabAsset: {fileID: 0}
  m_GameObject: {fileID: 1925707486}
  m_LocalRotation: {x: 0, y: 0, z: 0, w: 1}
  m_LocalPosition: {x: 11.39, y: 3.9659767, z: 2.691}
  m_LocalScale: {x: 1, y: 1, z: 1}
  m_Children: []
  m_Father: {fileID: 0}
  m_RootOrder: 17
  m_LocalEulerAnglesHint: {x: 0, y: 0, z: 0}
--- !u!1 &2095493770 stripped
GameObject:
  m_CorrespondingSourceObject: {fileID: 1125078563940878, guid: 8e0f285c21cdcf14e8d5c06c57ba936b,
    type: 3}
  m_PrefabInstance: {fileID: 539153859}
  m_PrefabAsset: {fileID: 0}
--- !u!64 &2095493772
MeshCollider:
  m_ObjectHideFlags: 0
  m_CorrespondingSourceObject: {fileID: 0}
  m_PrefabInstance: {fileID: 0}
  m_PrefabAsset: {fileID: 0}
  m_GameObject: {fileID: 2095493770}
  m_Material: {fileID: 0}
  m_IsTrigger: 0
  m_Enabled: 1
  serializedVersion: 3
  m_Convex: 1
  m_CookingOptions: 14
  m_Mesh: {fileID: 0}
--- !u!1001 &2756889529129497819
PrefabInstance:
  m_ObjectHideFlags: 0
  serializedVersion: 2
  m_Modification:
    m_TransformParent: {fileID: 0}
    m_Modifications:
    - target: {fileID: 2757461039368565244, guid: ca67f13bc7748004e873d26f91c09f44,
        type: 3}
      propertyPath: m_Name
      value: Granada
      objectReference: {fileID: 0}
    - target: {fileID: 2760142032396233826, guid: ca67f13bc7748004e873d26f91c09f44,
        type: 3}
      propertyPath: m_LocalPosition.x
      value: 9.67
      objectReference: {fileID: 0}
    - target: {fileID: 2760142032396233826, guid: ca67f13bc7748004e873d26f91c09f44,
        type: 3}
      propertyPath: m_LocalPosition.y
      value: 5.094
      objectReference: {fileID: 0}
    - target: {fileID: 2760142032396233826, guid: ca67f13bc7748004e873d26f91c09f44,
        type: 3}
      propertyPath: m_LocalPosition.z
      value: 3.558
      objectReference: {fileID: 0}
    - target: {fileID: 2760142032396233826, guid: ca67f13bc7748004e873d26f91c09f44,
        type: 3}
      propertyPath: m_LocalRotation.x
      value: 0
      objectReference: {fileID: 0}
    - target: {fileID: 2760142032396233826, guid: ca67f13bc7748004e873d26f91c09f44,
        type: 3}
      propertyPath: m_LocalRotation.y
      value: -0
      objectReference: {fileID: 0}
    - target: {fileID: 2760142032396233826, guid: ca67f13bc7748004e873d26f91c09f44,
        type: 3}
      propertyPath: m_LocalRotation.z
      value: -0
      objectReference: {fileID: 0}
    - target: {fileID: 2760142032396233826, guid: ca67f13bc7748004e873d26f91c09f44,
        type: 3}
      propertyPath: m_LocalRotation.w
      value: 1
      objectReference: {fileID: 0}
    - target: {fileID: 2760142032396233826, guid: ca67f13bc7748004e873d26f91c09f44,
        type: 3}
      propertyPath: m_RootOrder
      value: 3
      objectReference: {fileID: 0}
    - target: {fileID: 2760142032396233826, guid: ca67f13bc7748004e873d26f91c09f44,
        type: 3}
      propertyPath: m_LocalEulerAnglesHint.x
      value: 0
      objectReference: {fileID: 0}
    - target: {fileID: 2760142032396233826, guid: ca67f13bc7748004e873d26f91c09f44,
        type: 3}
      propertyPath: m_LocalEulerAnglesHint.y
      value: 0
      objectReference: {fileID: 0}
    - target: {fileID: 2760142032396233826, guid: ca67f13bc7748004e873d26f91c09f44,
        type: 3}
      propertyPath: m_LocalEulerAnglesHint.z
      value: 0
      objectReference: {fileID: 0}
    m_RemovedComponents: []
  m_SourcePrefab: {fileID: 100100000, guid: ca67f13bc7748004e873d26f91c09f44, type: 3}
--- !u!1001 &6564370879957027428
PrefabInstance:
  m_ObjectHideFlags: 0
  serializedVersion: 2
  m_Modification:
    m_TransformParent: {fileID: 898706217}
    m_Modifications:
    - target: {fileID: 6564370880085237941, guid: fe197cca66625ac488d1683b246c3b5e,
        type: 3}
      propertyPath: m_Name
      value: Cuerpo
      objectReference: {fileID: 0}
    - target: {fileID: 6564370880085237942, guid: fe197cca66625ac488d1683b246c3b5e,
        type: 3}
      propertyPath: m_LocalPosition.x
      value: 0
      objectReference: {fileID: 0}
    - target: {fileID: 6564370880085237942, guid: fe197cca66625ac488d1683b246c3b5e,
        type: 3}
      propertyPath: m_LocalPosition.y
      value: 0.181
      objectReference: {fileID: 0}
    - target: {fileID: 6564370880085237942, guid: fe197cca66625ac488d1683b246c3b5e,
        type: 3}
      propertyPath: m_LocalPosition.z
      value: 0
      objectReference: {fileID: 0}
    - target: {fileID: 6564370880085237942, guid: fe197cca66625ac488d1683b246c3b5e,
        type: 3}
      propertyPath: m_LocalRotation.x
      value: 0
      objectReference: {fileID: 0}
    - target: {fileID: 6564370880085237942, guid: fe197cca66625ac488d1683b246c3b5e,
        type: 3}
      propertyPath: m_LocalRotation.y
      value: -0
      objectReference: {fileID: 0}
    - target: {fileID: 6564370880085237942, guid: fe197cca66625ac488d1683b246c3b5e,
        type: 3}
      propertyPath: m_LocalRotation.z
      value: -0
      objectReference: {fileID: 0}
    - target: {fileID: 6564370880085237942, guid: fe197cca66625ac488d1683b246c3b5e,
        type: 3}
      propertyPath: m_LocalRotation.w
      value: 1
      objectReference: {fileID: 0}
    - target: {fileID: 6564370880085237942, guid: fe197cca66625ac488d1683b246c3b5e,
        type: 3}
      propertyPath: m_RootOrder
      value: 1
      objectReference: {fileID: 0}
    - target: {fileID: 6564370880085237942, guid: fe197cca66625ac488d1683b246c3b5e,
        type: 3}
      propertyPath: m_LocalEulerAnglesHint.x
      value: 0
      objectReference: {fileID: 0}
    - target: {fileID: 6564370880085237942, guid: fe197cca66625ac488d1683b246c3b5e,
        type: 3}
      propertyPath: m_LocalEulerAnglesHint.y
      value: 0
      objectReference: {fileID: 0}
    - target: {fileID: 6564370880085237942, guid: fe197cca66625ac488d1683b246c3b5e,
        type: 3}
      propertyPath: m_LocalEulerAnglesHint.z
      value: 0
      objectReference: {fileID: 0}
    m_RemovedComponents: []
  m_SourcePrefab: {fileID: 100100000, guid: fe197cca66625ac488d1683b246c3b5e, type: 3}
--- !u!1001 &9150073683445737934
PrefabInstance:
  m_ObjectHideFlags: 0
  serializedVersion: 2
  m_Modification:
    m_TransformParent: {fileID: 0}
    m_Modifications:
    - target: {fileID: 5607560550131472032, guid: 98eac944b7c0bf9499ca66c50ef3a882,
        type: 3}
      propertyPath: m_Name
      value: Enemy
      objectReference: {fileID: 0}
    - target: {fileID: 5607560550131472032, guid: 98eac944b7c0bf9499ca66c50ef3a882,
        type: 3}
      propertyPath: m_TagString
      value: Disparable
      objectReference: {fileID: 0}
    - target: {fileID: 4570955801080940251, guid: 98eac944b7c0bf9499ca66c50ef3a882,
        type: 3}
      propertyPath: m_LocalPosition.x
      value: 3.38
      objectReference: {fileID: 0}
    - target: {fileID: 4570955801080940251, guid: 98eac944b7c0bf9499ca66c50ef3a882,
        type: 3}
      propertyPath: m_LocalPosition.y
      value: 2.94
      objectReference: {fileID: 0}
    - target: {fileID: 4570955801080940251, guid: 98eac944b7c0bf9499ca66c50ef3a882,
        type: 3}
      propertyPath: m_LocalPosition.z
      value: -2.36
      objectReference: {fileID: 0}
    - target: {fileID: 4570955801080940251, guid: 98eac944b7c0bf9499ca66c50ef3a882,
        type: 3}
      propertyPath: m_LocalRotation.x
      value: 0
      objectReference: {fileID: 0}
    - target: {fileID: 4570955801080940251, guid: 98eac944b7c0bf9499ca66c50ef3a882,
        type: 3}
      propertyPath: m_LocalRotation.y
      value: 0
      objectReference: {fileID: 0}
    - target: {fileID: 4570955801080940251, guid: 98eac944b7c0bf9499ca66c50ef3a882,
        type: 3}
      propertyPath: m_LocalRotation.z
      value: 0
      objectReference: {fileID: 0}
    - target: {fileID: 4570955801080940251, guid: 98eac944b7c0bf9499ca66c50ef3a882,
        type: 3}
      propertyPath: m_LocalRotation.w
      value: 1
      objectReference: {fileID: 0}
    - target: {fileID: 4570955801080940251, guid: 98eac944b7c0bf9499ca66c50ef3a882,
        type: 3}
      propertyPath: m_RootOrder
      value: 8
      objectReference: {fileID: 0}
    m_RemovedComponents: []
  m_SourcePrefab: {fileID: 100100000, guid: 98eac944b7c0bf9499ca66c50ef3a882, type: 3}
